3172 5198
250 951 285 1034 a
340 952 525 1035 divitates
544 954 665 1033 maris
683 951 825 1052 Aegaei
843 951 883 1031 et
905 950 1071 1032 Asianae

520 1109 606 1170 cum
624 1089 796 1171 coloniis.

152 1334 380 1416 Inscriptiones
410 1353 449 1394 ex
480 1333 592 1393 insulis
627 1333 803 1395 minoribus
833 1333 927 1394 maris
957 1331 1072 1412 Aegaei
1105 1334 1250 1395 collectae

66 1455 185 1515 paucae
209 1447 294 1498 sunt.
342 1437 480 1518 Cyrenas
503 1456 520 1498 a
543 1436 692 1497 Theraeis
722 1435 863 1498 conditas
891 1456 960 1497 esse
984 1446 1090 1497 narrat
1114 1436 1251 1499 Herodo-

64 1551 113 1600 tus
138 1543 171 1618 t,
196 1541 255 1600 tao
273 1559 344 1620 sqq.
377 1539 583 1620 Agrigentum
604 1540 662 1599 luit
677 1541 859 1601 Gelensium
875 1541 993 1600 colonia
1015 1541 1120 1616 (Thuc.
1145 1543 1181 1614 6,
1202 1543 1245 1624 l),

66 1643 139 1704 Gela
164 1643 358 1705 Rhodiorum
382 1653 412 1703 et
436 1642 632 1704 Cretensium
661 1642 779 1720 (ibid).
806 1644 998 1724 epigramma
1018 1644 1128 1704 colossi
1146 1646 1251 1705 Psam-

66 1749 197 1825 politani
223 1766 238 1803 a
264 1747 467 1807 mercenariis
491 1745 619 1805 Graecis
641 1756 694 1806 aut
724 1766 764 1806 ex
786 1744 858 1806 Asia
882 1755 937 1807 aut
959 1767 998 1807 ex
1020 1747 1125 1826 aliqua
1149 1748 1249 1809 insula

66 1851 174 1910 Dorica
198 1849 344 1910 oriundis
367 1849 542 1929 proiectum
565 1859 622 1910 est.
669 1847 854 1928 Aspendum
883 1848 924 1909 ab
945 1847 1070 1929 Argivis
1094 1850 1249 1912 conditam

66 1972 133 2013 esse
157 1952 237 2013 dicit
261 1952 373 2014 Strabo
396 1973 427 2032 p.
447 1951 519 2012 667.

566 2173 597 2238 l.
635 2173 753 2239 Melos.

65 2313 108 2378 66
133 2315 187 2396 [τε
204 2317 234 2394 3]
276 2316 439 2396 Inscriptio
468 2316 630 2376 columnae
659 2316 829 2378 Nanianae.
862 2350 904 2360 --
941 2327 1177 2377 monumentum
1208 2337 1247 2378 ex

134 2420 237 2480 insula
261 2419 338 2479 Melo
361 2420 393 2479 in
418 2437 559 2479 museum
583 2419 757 2479 Nonianum
782 2418 901 2479 illatum
924 2428 981 2478 est.
1029 2420 1160 2479 Bonnam.

173 2605 238 2671 Παῖ
260 2601 348 2683 Διός,
369 2601 528 2692 Ἐκφάντοι
550 2607 655 2670 δέκσαι
676 2601 737 2668 τόδ’
768 2601 894 2689 ἆμενπὲς
916 2597 1057 2691 ἄγαλμα·

241 2709 288 2774 σοὶ
310 2705 368 2796 γὰρ
390 2700 586 2793 ἐπεοκῧμενος
607 2703 689 2773 τοῦτ’
715 2708 852 2773 ἐτέλεσσε
874 2703 993 2794 γρόπὸν.

68 2900 187 2962 Literae
212 2921 402 2982 quamquam
419 2902 526 2964 formis
542 2903 763 2963 vetustissimis
778 2911 883 2962 tamen
900 2902 940 2962 ita
958 2903 1144 2982 compositae
1162 2913 1246 2982 sunt,

68 3011 100 3062 nt
116 3006 272 3066 asinistra
288 3004 327 3066 ad
343 3004 486 3066 dextram
502 3015 647 3084 pergant.
665 3023 817 3066 consonae
840 3004 994 3084 aspiratae
1017 3024 1075 3085 per
1098 3000 1170 3080 ΠΗ,
1188 3000 1247 3065 KH

68 3108 202 3187 scriptae
225 3117 309 3169 sunt.
356 3104 475 3192 γράφων
510 3119 558 3169 est
587 3108 670 3170 idem
692 3118 786 3187 atque
809 3109 842 3167 in
865 3107 982 3186 volgari
1006 3126 1150 3168 sermone
1173 3101 1249 3191 γρά-

69 3230 140 3290 φων.
167 3213 199 3270 in
213 3204 375 3296 Ἐκφάντῳ
393 3211 475 3280 δέξαι
490 3210 588 3272 habes
604 3210 737 3272 eandem
758 3212 1021 3272 constructionem
1038 3208 1135 3270 dativi
1153 3209 1247 3271 ethici

69 3330 158 3388 quam
184 3317 217 3375 in
238 3314 312 3394 [δέξο
335 3307 540 3398 flaiani-up
564 3312 793 3397 Λακεδαιμονίῳ
817 3316 849 3374 in
874 3313 963 3374 titulo
989 3315 1016 3374 l.

561 3603 593 3668 2.
621 3603 748 3673 Thera.

68 3739 110 3806 ol
138 3745 299 3826 [zalla]
348 3745 512 3826 Inscriptio
541 3744 626 3806 basis
656 3746 778 3824 amplae
802 3764 1009 3820 marmoreae,
1042 3745 1115 3805 olim
1142 3746 1247 3805 Vene-

130 3851 193 3910 tiis.
218 3858 387 3929 —postea
412 3849 554 3908 venitin
578 3867 720 3908 museum
744 3850 937 3910 Veronense.
983 3851 1114 3910 Boncun.

168 4033 365 4123 Ἀνδρογόρας
388 4035 546 4114 Φοίνικος,
568 4030 735 4121 'Ercavica
758 4033 900 4122 Γρίννοο,
925 4033 1153 4121 Κροτησίλοχος

424 4138 581 4217 Φοίνικος,
610 4139 724 4220 [Φοῖνιξ
742 4188 862 4202 .....
867 4142 876 4219 ]

69 4256 90 4316 l·
166 4255 238 4323 Ἐπὶ
261 4255 378 4346 ἐφόρων
407 4264 462 4323 τῶν
486 4256 538 4326 σὸν
562 4261 738 4346 Φοιβοτέλει
756 4258 760 4346 Ι
779 4257 850 4324 τάδε
881 4259 997 4323 διέθετο
1020 4261 1130 4322 νοοῦσα
1152 4256 1203 4321 καὶ

173 4367 324 4449 φρονοῦσα
350 4359 518 4448 'Ecetram
536 4367 539 4449 l
559 4362 677 4449 Γρίννοο
711 4359 784 4447 μετὰ
814 4363 915 4449 κυρίου
938 4359 1129 4449 Ὑπερείδους
1150 4364 1203 4425 τοῦ

136 4479 150 4526 5
173 4465 402 4552 ΘροΙσολὲοντος
425 4463 693 4554 σονεοαρεστούσας
715 4464 766 4530 καὶ
786 4471 839 4539 τᾶς
855 4462 1008 4552 θυγαῐτρὸς
1021 4463 1203 4537 Ἐπιτελείας
