3238 5198
631 333 771 384 Messenia.
1249 330 1288 390 25

215 543 313 624 κλᾷκα
336 539 363 604 οἱ
388 537 470 626 ἱεροί,
497 534 548 602 καί
570 532 732 621 ἀνοιγόντω
754 532 820 602 κατ’
848 531 981 602 ἐνιαυτὸν
1003 536 1063 608 τοῖς
1080 535 1249 622 μυστηρίοις

213 638 278 724 [καὶ]
306 638 338 706 τῦ
368 639 567 726 ἐξαριθμηθὲν
598 635 741 727 διάφορον
771 640 835 723 ἐίξίΙ
857 639 997 724 ἑκατέρου
1020 642 1071 702 τοῦ
1095 640 1249 724 θησαυροῦ

215 739 308 831 χωρίς
336 739 503 829 γράψαντες
532 739 777 829 [εἰσίενεγκάντω
810 738 963 807 ἀποδόντω
993 741 1025 806 δὲ
1052 739 1102 806 καί
1126 739 1249 805 Μνασι-

215 842 331 933 στράτιρ
352 842 386 910 τὸ
408 841 561 932 γινόμενον
586 843 680 933 αῦίτῷ]
702 841 864 933 διάφορον,
896 841 999 918 καθιῦς
1022 847 1052 909 ἐν
1075 846 1126 932 τίῷ
1145 849 1149 926 ί
1171 845 1249 928 διία-

216 946 368 1038 γράμματι
396 950 570 1036 γέγραπται.
599 947 753 1037 -Ἱεροῦ
784 949 920 1014 δείπνου·
952 950 981 1013 οί
1012 947 1084 1034 ίεροί
1114 943 1171 1014 ἀπὸ
1192 951 1248 1012 τιῦν

218 1049 357 1139 θυμάτων
380 1059 439 1118 τῶν
462 1049 615 1139 ἀγομένων
639 1055 670 1117 ἐν
692 1057 730 1139 τᾷ
744 1057 847 1139 πομπᾷ
864 1049 1023 1140 ἀφελόντες
1039 1048 1110 1139 ἀφ’]
1124 1047 1249 1116 ἑκάστου

214 1154 251 1222 τά
273 1152 408 1242 νόμιί[μα]
428 1158 488 1230 τοῖς
510 1157 590 1229 θεοῖς
611 1153 654 1239 [τά
678 1153 773 1240 λοιίτά
794 1157 868 1241 κρέα
890 1151 1191 1243 καταχρησάσθωσαν
1207 1157 1250 1228 εἰς

216 1257 248 1327 τῦ
272 1257 348 1346 ίερδν
373 1261 488 1326 δεῖπνον
513 1254 587 1345 μετὰ
609 1265 661 1324 τάν
686 1261 767 1347 ίερῦιν
791 1257 842 1325 καί
863 1260 1041 1346 παρθένων,
1072 1257 1123 1323 καί
1144 1283 1248 1347 παρα-

218 1358 351 1451 λαβόντω
379 1359 429 1429 τόν
459 1389 491 1429 τε
522 1365 586 1450 ίερῆ
607 1368 612 1444 Ι
636 1360 697 1445 [καί
725 1359 789 1446 τὰν]
824 1364 920 1452 ἱέρεαν
949 1367 1000 1428 τοῦ
1023 1360 1173 1450 Καρνείου
1198 1361 1250 1428 καί

216 1467 439 1555 Μνασίστρατον
469 1463 519 1532 καί
547 1463 599 1532 τάν
630 1468 757 1553 γυναῖκα
785 1465 837 1531 καί
865 1463 918 1541 τάς
947 1463 1050 1552 γενεάς
1081 1461 1171 1531 αῦτοῦ
1200 1463 1250 1532 καί

148 1586 195 1635 100
216 1576 275 1638 τῶν
304 1575 439 1660 τεχνιτῦιν
461 1567 529 1644 τοῦς
551 1566 838 1658 λειΙίτουργήίσαντας
872 1573 914 1655 [ἐν
936 1571 1010 1651 ταῖς]
1042 1569 1176 1657 χορείαις
1198 1569 1250 1635 καί

214 1681 267 1742 τάν
291 1672 454 1763 ῦπηρεσιάν
476 1671 544 1748 τοῦς
568 1679 809 1761 λειτουργοῦντας
833 1671 944 1755 αιἰτοῖς,
968 1672 1020 1738 καί
1043 1676 1085 1747 εἰς
1107 1669 1144 1740 τά
1160 1671 1249 1740 λοιπά

219 1775 420 1865 δαπανάματα
443 1774 482 1864 μή
505 1780 606 1844 πλεῖον
623 1773 770 1862 ἀνάλωμα
789 1782 795 1860 Ι
818 1777 1121 1862 [ποιείσθωσαν.ν..
1148 1780 1249 1866 δραχ-

217 1888 286 1970 μάν.
314 1921 352 1932 -
374 1879 514 1970 Ἀγορᾶς·
540 1883 568 1947 οἱ
592 1880 664 1969 ἱεροί
687 1877 775 1946 τόπον
799 1877 1018 1961 ἀποδειξάντω,
1042 1883 1073 1946 ἐν
1097 1874 1122 1969 ᾧ
1143 1906 1248 1968 παροι-

216 1983 342 2073 θησεται
362 1981 468 2052 πάντα.
508 1981 523 2050 δ
548 1985 582 2050 δέ
605 1981 791 2073 ἀγορανόμος
813 1981 893 2051 δέπὶ
906 1981 1013 2059 πόλεος
1031 1990 1037 2068 Ι
1060 1986 1248 2070 [ἐπιίμέλειοιν

215 2091 321 2178 ἐχέτω,
349 2085 430 2163 ὅπως
452 2091 480 2154 οί
502 2093 670 2162 πωλοῦντες
693 2081 789 2154 ἀδολα
812 2087 863 2154 καί
884 2086 1007 2177 καθαρά
1029 2092 1175 2155 πωλοῦντι
1197 2088 1248 2154 καί

215 2199 350 2283 χρῶνται
378 2195 521 2278 σταθμοῖς
551 2193 602 2258 καί
629 2194 743 2279 μέτροις
767 2189 934 2281 συμφώνοις
955 2190 1022 2258 ποτί
1042 2190 1079 2258 τά
1103 2189 1245 2278 δημόσιοι,

214 2297 278 2384 καγίί
303 2294 349 2384 yffi
372 2297 516 2377 τασσέτω,
541 2292 634 2362 πόσου
657 2298 702 2362 δεῖ
723 2297 844 2376 πωλεῖν,
877 2296 954 2382 μηδὲ
975 2293 1079 2383 καιρὸν
1101 2297 1245 2377 τασσέτω,

216 2402 292 2488 μηδέ
320 2401 477 2489 πρασσέτω
508 2398 613 2487 μηθείς
641 2396 709 2474 τοῦς
735 2404 908 2474 πωλοῦντας
937 2403 989 2465 τοῦ
1016 2395 1107 2466 τόπου
1137 2401 1244 2487 μηθέν,

214 2503 281 2580 τοῦς
304 2505 337 2570 δὲ
361 2502 400 2590 μὴ
423 2508 616 2591 πωίλοῦντας,
640 2500 744 2578 καθοῖς
766 2505 941 2590 γέγραπται,
965 2499 1032 2579 τοῦς
1049 2504 1100 2589 μὲν
1124 2501 1247 2578 δοῦλους

215 2604 421 2696 μαστιγοότω,
448 2604 516 2682 τοῦς
539 2607 572 2673 δέ
594 2607 771 2695 ἐλευθέρους
795 2602 946 2694 ζαμιοῦτω
968 2606 1063 2673 εἴκοσι
1085 2609 1246 2696 δραχμαῖς,

145 2726 192 2776 105
215 2712 267 2778 καί
288 2709 321 2778 τῦ
337 2713 429 2800 κρίμα
444 2712 520 2777 ἔστω
535 2710 583 2776 ἐπί
598 2715 657 2776 τιῦν
676 2713 772 2799 ἱερῶν.
796 2710 800 2798 ί
821 2750 861 2760 -
886 2709 981 2799 [Περὶ]
1001 2707 1126 2785 ῦδατος·
1151 2711 1247 2800 ἐχέτω

213 2817 246 2882 δὲ
268 2818 441 2902 ἐπιμέλειαν
464 2812 480 2880 ῦ
504 2810 690 2902 ἀγορανόμος
713 2813 763 2880 καί
784 2813 917 2902 περὶτοῦ
933 2808 1052 2895 ῦδατος,
1075 2810 1155 2889 ῦπως
1170 2811 1247 2880 κατά

213 2918 262 2986 τόν
284 2926 336 2994 τῦς
358 2915 539 3005 παναγῦριος
562 2915 670 3006 χρόνον
695 2916 800 3004 μηθείς
816 2920 971 2984 κακοποιεῖ
987 2915 1059 3005 μήτε
1077 2920 1080 3002 ί
1101 2916 1143 3003 [τὸ
1158 2922 1246 3004 πγλῆ-

214 3049 255 3110 μα
285 3020 358 3110 μήτε
387 3020 454 3096 τοῦς
483 3019 605 3110 όχετοῦς
634 3019 707 3108 μήτε
737 3015 772 3088 ἀν
802 3048 830 3087 τι
859 3015 933 3088 ἀλλο
955 3024 1194 3089 κατασκευασθεῖ
1216 3025 1246 3087 ἐν

211 3131 254 3214 τῷ
285 3129 356 3214 ἱερῷ
384 3123 472 3214 χάριν
496 3131 547 3191 τοῦ
571 3121 695 3205 ῦδατος,
727 3123 777 3190 καί
798 3121 895 3204 όπως,
926 3123 1030 3199 καθως
1053 3119 1089 3191 ἀν
1112 3127 1247 3212 μερισθεῖ

164 3241 169 3246 “
211 3223 244 3295 τῦ
275 3225 372 3317 ὕδωρ,
405 3228 456 3294 καί
486 3228 606 3316 μίηίθείς
636 3225 813 3312 άίποκωλῦει
837 3226 905 3304 τοῦς
927 3231 1111 3317 χρωμένους.
1154 3223 1189 3294 ἀν
1214 3230 1246 3293 δέ

210 3359 276 3399 τινα
300 3329 447 3421 λαμβάνει
468 3328 610 3398 ποιοῦντά
631 3358 660 3398 τι
681 3338 739 3398 τῶν
763 3334 990 3419 κεκωλυμένων,
1021 3331 1069 3398 τόν
1094 3332 1145 3419 μὲν
1170 3336 1245 3399 δοῦ-

212 3443 264 3503 λον
288 3433 484 3522 μαστιγούτω,
510 3433 559 3502 τὸν
584 3436 617 3501 δέ
639 3433 796 3525 ἐλεόθερον
823 3432 1004 3523 [ζαμιίοότω]
1030 3433 1124 3502 εἴκοσι
1146 3441 1246 3526 δραχ-

214 3542 295 3625 μαῖς,
319 3538 369 3605 καί
390 3537 423 3605 τὸ
445 3540 538 3627 κρίμα
560 3539 636 3605 ἔστω
659 3539 707 3604 ἐπί
728 3545 786 3606 τῶν
812 3542 909 3628 ἱερῶν.
931 3579 967 3588 -
981 3537 1173 3625 Ἀλείμματος
1195 3539 1247 3605 καὶ

212 3649 356 3732 λουτροῦ·
389 3641 405 3708 ὁ
429 3641 615 3730 ἀγορανόμος
638 3646 810 3729 ἐπιμέλειαν
833 3646 949 3732 ἐχέτω,
979 3637 1060 3717 ’όιτως
1083 3646 1110 3709 οί
1134 3645 1244 3710 θέλον-

210 3748 282 3834 τεςΙ
305 3742 498 3836 [βαλανεόείιν
528 3749 563 3812 ἐκ
591 3753 650 3812 τῶν
681 3751 768 3835 ίεριῦν
800 3745 839 3833 μή
862 3749 964 3813 πλεῖον
986 3742 1156 3834 πράσσωντι
1178 3745 1245 3821 τοῦς

211 3854 390 3938 λουομένους
414 3847 467 3916 δόο
489 3855 613 3938 χαλκῶν
636 3850 688 3916 καί
709 3853 881 3938 παρέχωντι
901 3855 959 3938 πῦρ
981 3850 1032 3917 καί
1056 3849 1172 3939 μάκραν
1188 3843 1244 3916 εῦ-

141 3969 189 4018 110
211 3980 317 4043 κρατον
341 3953 391 4020 καὶ
412 3957 472 4028 τοῖς
495 3953 777 4040 κατακλυίίίομένοις
800 3948 886 4042 ῦίδωρ
909 3947 1063 4041 εῦκρατον,
1093 3952 1144 4021 καὶ
1165 3949 1244 4029 όπως

210 4055 440 4146 δέγδεξάμενος
469 4061 527 4123 τιῦν
558 4054 650 4130 ξόλων
681 4055 733 4123 τάν
762 4053 899 4144 παροχάν
929 4060 971 4131 εἰς
998 4053 1031 4122 τὸ
1054 4055 1244 4146 άλειπτηριον

210 4163 338 4251 παρέχει
360 4158 432 4234 ξόλα
454 4159 504 4226 καί
528 4158 602 4250 ξηρά
624 4160 675 4226 καὶ
699 4156 786 4226 ἱκανά
807 4163 868 4234 τοῖς
894 4158 1146 4249 [ἀλγειφίοίμένοις]
1173 4159 1241 4227 κατ’

212 4264 326 4353 ἁμέραν
351 4260 410 4330 ἀπὸ
432 4263 573 4352 τετάρτας
596 4259 676 4353 ιῦρας
698 4266 755 4338 έως
778 4260 924 4350 ἑβδόμας·
955 4267 1059 4338 δοῦλος
1083 4265 1115 4329 δὲ
1139 4262 1244 4350 μηθείς

126 4425 129 4430 .
211 4366 395 4456 ἀλειρέσθω.
443 4370 470 4431 οἱ
499 4367 531 4432 δὲ
562 4365 634 4455 ἱεροί
655 4363 836 4454 ἐγδιδόνντω
858 4364 911 4432 τάν
934 4364 1072 4455 παροχάν
1094 4371 1152 4432 τῶν
1179 4362 1243 4450 [ξό-

210 4477 270 4538 λων
290 4477 296 4553 Ι
315 4472 357 4544 εἰς
379 4467 424 4555 τό]
455 4467 655 4557 ἀλειπτήριον.
704 4465 739 4536 ἀν
771 4470 803 4534 δέ
833 4495 876 4544 τις
905 4476 962 4535 τῶν
993 4471 1194 4556 ἐγδεξαμίνων
1223 4495 1241 4533 τ
