3238 5198
76 320 155 382 —221
525 325 632 388 Aegina.
666 325 818 376 Corinthus¹

118 404 1269 428 m-qQ———q—ffl———m

81 525 136 585 ubi
165 522 344 609 exemplum
373 531 467 594 huius
501 530 674 610 scripturae
709 549 748 590 ex
782 529 872 590 titulo
901 525 1037 590 Aetolico
1076 527 1120 611 (C.
1153 529 1173 590 i.
1208 527 1262 590 Gr.

82 628 180 708 4766,
202 631 231 712 4)
257 632 398 696 affertur.

361 771 471 784 Ψ,-
772 771 1031 778 -ss-a--n--a--o--a
1041 772 1097 778 .-..,...
1109 772 1130 776 -·-
1220 770 1262 778 —

81 848 124 912 21
166 853 218 934 Ι--
234 855 315 915 2440
333 855 365 936 b]
392 858 423 916 in
447 859 592 938 sepulcro
614 855 765 935 Aeginae.
792 857 923 916 Boacuu.

190 1037 243 1127 Μὴ
272 1033 384 1128 ἄνοιγε.
406 1042 411 1130 Ι
430 1039 465 1109 οὗ
494 1041 551 1130 γὰρ
580 1037 621 1128 μὴ
645 1041 808 1128 auricalchei]
828 1041 833 1130 Ι
851 1047 897 1108 roo
927 1035 1017 1107 ditior
1039 1039 1104 1108 τινὰ
1122 1041 1128 1129 Ι
1145 1067 1223 1108 κατ·

157 1145 276 1266 4444444
309 1148 339 1218 ἐς
371 1143 505 1234 ταύταν)
527 1146 579 1212 τὰν
614 1143 713 1234 σορόν.
745 1148 789 1230 cil)
822 1145 855 1210 δὲ
877 1141 937 1232 μή,
970 1137 1127 1228 αὔΙτΙαυτον
1146 1145 1151 1232 Ι
1170 1149 1222 1211 orl-

189 1273 287 1334 τιαση.

80 1441 288 1520 Repetierunt
318 1443 495 1504 accuratius
529 1445 682 1520 44444444,
723 1439 809 1504 ι44444.
842 1442 937 1505 aett’
974 1443 1074 1522 2042,
1115 1445 1263 1523 Piranum,

76 1539 159 1628 Ἀρχ.
182 1537 292 1630 Ἐφημ.
326 1540 376 1630 ἀρ.
402 1547 475 1606 234,
502 1582 539 1590 -
569 1547 614 1607 De
645 1535 790 1609 αὕταυτον
820 1547 1004 1625 pronomine
1036 1546 1186 1608 rellexivo
1215 1567 1266 1612 re-

81 1647 241 1726 duplicato
258 1668 288 1709 v·.
306 1647 450 1728 AhrenS,
479 1649 567 1710 ‘ctat
586 1650 670 1711 Dor)
688 1670 720 1729 p.
739 1647 801 1710 272
825 1657 855 1708 et
871 1649 906 1708 K.
926 1649 1011 1727 Keil,
1042 1649 1156 1710 ‘liliola
1175 1653 1267 1713 Mar!

84 1751 125 1808 48
155 1749 255 1832 (4863)
290 1772 320 1833 p.
348 1753 421 1816 263.
447 1763 517 1832 post
539 1769 591 1814 eos
618 1751 653 1813 G.
682 1751 809 1813 Curtius
839 1753 870 1811 in
901 1751 1056 1812 ‘Berichte
1078 1752 1132 1813 der
1154 1752 1262 1838 icptpt.

80 1853 183 1915 44444.
218 1855 415 1936 Corellschaft
442 1855 497 1916 der
523 1853 785 1936 Wiaseoochofteo’
814 1855 893 1914 4864
923 1874 954 1935 p.
981 1855 1041 1918 225
1066 1875 1136 1935 sqq.
1163 1858 1265 1918 varias

80 1970 199 2029 formas
233 1959 327 2020 huius
361 1960 572 2039 pronominis,
616 1951 704 2028 αὐτὸς
734 1951 840 2035 αὐτόν,
878 1951 932 2028 eia
957 1953 1069 2034 niodo,
1107 1949 1263 2036 αὕταυτον,
1320 1985 1321 1990 ’

81 2062 257 2142 composuit
281 2072 311 2123 et
334 2062 514 2123 illustravit.

994 2229 1263 2238 ...η-..-

267 2368 299 2434 4.
345 2367 535 2438 Corinthus
557 2387 635 2436 cum
658 2366 811 2452 Corcyra
832 2368 869 2436 44
892 2365 1084 2452 Syracusis.

170 2527 294 2607 lnopiee
311 2528 473 2590 titulorum
483 2529 752 2590 Corinthiacorum
769 2537 958 2589 succurrunt
973 2539 1174 2590 monumenta
1190 2531 1265 2592 Cor-

84 2647 209 2708 cyraea,
236 2649 369 2710 quornm
392 2650 454 2692 non
477 2629 741 2693 contemnendum
760 2649 929 2692 numerum
950 2634 1152 2712 superstitem
1170 2633 1268 2695 habe-

84 2753 167 2794 mus.
192 2733 357 2816 Corcyram
378 2755 397 2796 a
421 2735 591 2797 Corinthiis
614 2736 764 2822 incultam
780 2753 849 2796 esse
865 2743 986 2796 constat
1005 2735 1118 2816 (Strab.
1138 2757 1168 2816 p.
1190 2738 1262 2800 269.

85 2837 184 2898 Thuc.
206 2839 234 2916 4,
253 2837 318 2919 at).
366 2839 529 2920 Corcyraei
559 2848 664 2900 autem
688 2838 806 2900 veteris
829 2848 860 2899 ct
883 2838 1064 2899 literaturae
1089 2848 1127 2900 et¹
1141 2838 1266 2902 dialecti

86 2939 347 3004 consuetudinem
364 2961 476 3023 magna
491 2943 663 3004 constantia
679 2951 847 3005 servarunt
875 2940 923 3022 [ci.
941 2943 1111 3022 Kirchhoff,
1134 2944 1265 3005 ‘Crocala

86 3041 205 3123 atpa‘2
219 3063 250 3129 p.
266 3044 332 3126 79).
352 3046 532 3128 Corcyraeis
547 3046 647 3108 titulis
664 3045 814 3107 subiunxi
830 3045 1042 3121 lthaceusem;
1063 3065 1134 3106 nam
1146 3049 1205 3108 etsi
1218 3048 1267 3108 ni-

85 3148 131 3207 hil
154 3149 229 3209 certi
252 3149 292 3211 de
322 3151 440 3212 colonia
468 3171 486 3212 a
508 3150 677 3212 Corinthiis
708 3149 841 3210 Ithacam
870 3146 1004 3210 deducta
1027 3149 1177 3211 traditum
1204 3160 1263 3229 est,

86 3261 194 3312 tamen
215 3254 283 3312 veri
306 3253 407 3315 simile
430 3264 477 3315 est
492 3255 607 3315 incolas
623 3253 717 3315 huius
733 3251 854 3314 insulae
871 3252 1013 3314 eiusdem
1028 3253 1157 3334 originis
1173 3253 1268 3316 luisse

87 3364 183 3434 atque
207 3355 405 3438 Corcyraeos.
432 3368 462 3419 et
485 3357 689 3420 dialectorum
705 3356 878 3420 similitudo
894 3356 974 3420 hanc
987 3357 1175 3420 sententiam
1191 3377 1267 3422 con-

88 3459 200 3520 firmat.
227 3495 270 3504 -
299 3463 469 3540 Syracusas
493 3461 645 3523 Corinthii
674 3479 736 3522 non
767 3461 864 3522 multo
893 3470 961 3540 post
984 3479 1078 3540 quam
1101 3461 1266 3542 Corcyram

85 3562 200 3624 urbem
223 3562 442 3626 condiderunt·
457 3565 569 3646 (Strab.
590 3586 622 3645 p.
640 3565 701 3627 269
718 3581 766 3644 sq.
791 3565 887 3626 Thac.
907 3566 937 3642 6,
956 3563 1000 3646 3).

551 3755 582 3798 a.
607 3741 799 3800 corinthus.

88 3870 133 3935 22
157 3874 248 3954 Lapis
270 3893 351 3934 anno
374 3874 453 3934 4874
472 3884 617 3954 repertus
640 3876 673 3934 in
688 3893 762 3954 agro
784 3893 882 3954 propa
898 3872 1158 3938 Acrocorinthum
1181 3878 1267 3938 iuxta

87 3979 182 4057 viam,
199 3996 281 4056 quae
292 3979 365 4039 olim
379 3979 526 4040 Corintho
538 3976 638 4058 Argos
650 3977 816 4053 tendebat;
837 3997 921 4039 nuno
932 3976 1064 4040 Athenis
1075 3990 1264 4042 asservatur.

196 4161 323 4250 Mettio
344 4162 413 4230 τόδε
434 4167 550 4250 [capud
569 4162 618 4231 τὸν
641 4157 727 4231 ’ὄλεσε
747 4161 852 4238 πόντος
874 4162 1015 4250 ἀναιΙὸές).
1083 4213 1084 4220 .

90 4354 150 4416 Ed.
186 4357 222 4416 H.
249 4355 285 4416 G.
311 4357 458 4436 Lonorio,
487 4357 728 4440 ί44444444444944
750 4358 802 4420 dea
824 4357 984 4420 deutschen
1006 4357 1269 4441 orchdoloyiacltcu

89 4460 245 4520 Institutas
268 4460 301 4520 ia
315 4458 429 4538 44444,
449 4462 460 4520 l
482 4457 584 4544 (4876)
605 4481 637 4540 p.
657 4462 695 4520 40
713 4479 784 4540 sqq.
803 4460 909 4522 addita
928 4459 1034 4522 tabula
1059 4461 1264 4542 lithographa.
1349 4526 1351 4530 ,
