3178 5188
100 361 181 426 -9ι]
642 363 729 414 Locri.
1219 363 1277 423 113

95 569 202 631 minus
232 569 264 629 in
291 571 349 630 hac
371 569 477 631 tabula
501 572 532 630 in
555 571 701 650 genetivo
723 571 805 649 sing.
831 568 988 631 secundae
1011 568 1230 631 declinationis
1253 563 1279 630 0

94 672 186 734 litera
209 695 244 734 ου
266 671 481 754 diphthongus
502 673 673 753 significari
696 672 836 753 putanda
861 681 919 751 est,
946 673 1031 733 velut
1054 664 1152 754 δοίμου
1175 669 1218 750 Α,
1246 673 1275 747 l,

97 768 283 839 Ναυπάκτου
305 774 342 855 Α,
368 777 399 836 8.

670 940 750 950 ...ψ

582 1127 617 1183 b.
642 1126 792 1194 opuntii.

93 1273 140 1340 92
163 1278 197 1337 ln
221 1278 285 1338 solo
307 1277 445 1358 Opuntis
467 1277 595 1339 veteris.

204 1513 410 1529 ........
430 1489 462 1538 ος
485 1460 641 1537 Πείθωνος.
672 1458 838 1529 Ὀπούντιοι
860 1460 912 1528 καί
933 1460 1043 1549 Λοκροί

202 1569 238 1652 [ol
261 1565 335 1654 perd
353 1565 530 1634 Ὀπουντίων
554 1567 676 1651 idolator
699 1564 875 1653 Δικαιάρχῳ
898 1561 1045 1646 Εὐίππου,
1068 1562 1241 1655 Ἀφθυνήτιμ

206 1720 637 1738 ................
664 1667 896 1758 Κεφαλλσίνεσσι
917 1673 952 1736 ἐκ
973 1669 1113 1757 Κρανίων

206 1822 495 1840 ...........
514 1799 572 1840 τιυν
594 1773 761 1861 προξενίαν,
785 1773 949 1853 πολιτείαν,
974 1775 1148 1855 ἰσοτέλειαν,

163 1891 178 1940 5
200 1873 376 1965 [ἀσφάλειαν
399 1875 449 1943 καί
469 1878 609 1963 πολέμο]υ
631 1874 683 1942 καί
704 1873 825 1964 εἰράνας
847 1875 898 1943 καί
921 1875 1020 1951 αὐτοῖς
1035 1874 1086 1943 καί
1100 1875 1278 1966 χρημάτεσ-

200 1982 238 2065 [σι
251 1980 304 2046 καί
318 1977 396 2047 κατὰ
409 1987 465 2067 γᾶν
480 1979 538 2066 idol
552 1978 643 2066 xudd]
656 1977 827 2060 θάλασσαν,
841 1979 892 2048 καί
906 1975 964 2047 ὅσα
977 1984 1038 2054 τοῖς
1051 1974 1153 2055 ἄλλοις
1168 1983 1278 2069 προξέ-

200 2087 269 2169 [νοις
291 2082 343 2150 καί
363 2081 538 2171 εὐεργίέταις
562 2083 687 2163 δίδοται,
710 2079 807 2151 πάντα
828 2082 905 2150 κατὰ
926 2081 978 2152 τὸν
1001 2080 1104 2171 νόμον.
1143 2085 1244 2172 ἔγγυοι

205 2236 467 2254 ..........
493 2184 617 2275 τρόφου,
642 2184 772 2255 Κάλλων
794 2185 1031 2277 Καλλιστράτου.

91 2379 204 2442 Edidit
225 2381 257 2442 S.
283 2379 320 2441 Α.
348 2380 540 2459 Guuauunns,
575 2373 760 2464 (Ἀθηναῖον
783 2383 795 2442 l
816 2402 849 2463 p.
870 2380 942 2444 lat.
967 2417 1010 2426 -
1033 2383 1089 2443 Est
1116 2380 1278 2443 decretum
1347 2453 1352 2465 1

91 2483 296 2545 Locrensium
326 2483 538 2563 Opuntiorum
571 2485 604 2546 in
641 2485 790 2546 honorem
821 2485 1045 2564 Cephallenum
1079 2483 1279 2565 quorundam

94 2585 225 2648 iactum.
273 2586 474 2649 Cumanudes
498 2588 518 2648 l.
538 2587 559 2648 l.
585 2596 713 2668 praeter
734 2588 818 2648 hunc
840 2588 976 2672 titulum·
990 2588 1167 2667 complures
1189 2587 1280 2648 simi-

91 2691 142 2751 les
165 2690 281 2768 edidit,
314 2692 368 2771 qui
391 2710 500 2753 omnes
523 2711 623 2772 prope
642 2683 820 2755 Ἀτοίλανταν
844 2690 995 2772 oppidum
1019 2693 1051 2752 in
1075 2692 1139 2752 solo
1161 2691 1280 2753 veteris

90 2793 231 2874 Opuntis
254 2795 374 2874 reperti
398 2803 482 2856 sunt.
530 2795 673 2856 nonnulli
697 2813 807 2856 eorum
829 2796 942 2862 melius
958 2796 1075 2856 servati
1094 2804 1168 2856 sunt
1184 2812 1277 2874 quam

91 2896 162 2975 hic,
196 2915 289 2976 quem
326 2898 456 2976 repetii;
492 2897 549 2960 sed
579 2899 612 2959 in
635 2917 671 2960 eo
695 2895 915 2959 memorabiles
943 2906 1016 2959 sunt
1038 2895 1156 2958 formae
1179 2896 1277 2959 dativi

92 2999 226 3077 pluralis
241 3001 353 3061 tertiae
370 2999 586 3062 declinationis
602 2993 847 3085 Κεφαλλάνεσσι,
871 2994 1083 3085 χρημάτεσίσιί,
1107 3020 1180 3078 non,
1200 3018 1279 3080 qua-

91 3103 142 3163 les
170 3121 210 3164 ex
239 3103 446 3165 similitudine
477 3102 603 3165 dialecti
627 3104 828 3166 Locrensium
852 3101 1141 3184 Epicnemidiorum
1165 3121 1280 3182 exspe-

90 3206 172 3268 ctari
194 3215 356 3286 poterant,
383 3199 604 3291 Κεφαλλοίνοις,
631 3200 798 3292 χρημάτοις
825 3206 875 3289 (cl.
901 3201 1062 3277 Χαλειέοις
1086 3207 1119 3266 9l
1149 3208 1182 3284 B,
1209 3207 1275 3279 22).

90 3319 227 3372 aetatem
251 3319 283 3372 et
309 3310 404 3373 huius
427 3310 511 3373 tituli
535 3320 566 3373 et
588 3312 757 3389 similium,
791 3329 870 3390 quos
891 3310 913 3371 l.
933 3311 953 3370 l.
981 3310 1095 3385 edidit,
1131 3320 1186 3371 aut
1207 3309 1279 3371 infi-

90 3432 176 3475 mam
191 3413 406 3476 Macedonicae
429 3423 483 3476 aut
506 3415 639 3495 primam
655 3415 811 3476 llomanae
828 3412 1049 3476 dominationis
1065 3433 1134 3476 esse
1150 3424 1279 3493 propter

91 3518 256 3579 literarum
284 3515 399 3579 iormas
422 3516 622 3579 Cumanudes
645 3526 745 3598 putat.

90 3788 139 3856 93
162 3793 255 3873 Lapis
276 3813 367 3855 muro
390 3794 529 3855 insertus
551 3811 646 3872 supra
669 3800 791 3873 portam
814 3794 947 3855 aulicam
970 3792 1167 3871 monasterii,
1193 3790 1277 3871 quod

160 3895 235 3976 luit,
266 3897 353 3959 Eliae
382 3895 515 3958 duarum
548 3897 695 3957 horarum
726 3906 758 3957 et
780 3895 931 3957 dimidiae
954 3896 1068 3988 itinere
1091 3894 1277 3956 distantisa

158 3999 227 4061 vico
250 4001 322 4080 Zeli,
349 3999 382 4060 in
404 4018 479 4078 agro
502 4001 620 4061 veteris
642 3998 779 4061 Elateae.

201 4181 286 4260 Θεός.
325 4183 428 4273 ἀγαθᾷ
449 4181 527 4273 τύχᾳ
584 4178 729 4273 ἄρχοντος
748 4181 961 4271 Ὀρθομενείδα
982 4185 1064 4257 ἔδοξε
1084 4187 1146 4258 τοῖς
1167 4183 1235 4272 περὶ

200 4286 250 4354 τὸν
267 4294 271 4369 Ι
288 4285 430 4354 Διόνυσον
452 4288 598 4375 τεχνίταις
620 4290 681 4368 τοῖς
703 4289 734 4361 ἐξ
751 4285 879 4373 Ἰσθμοῦ
901 4287 953 4353 ναί
969 4287 1102 4374 Νεμέας,
1127 4313 1234 4354 συντε-

201 4396 301 4458 λοῦσιν
331 4391 364 4457 il
386 4394 417 4457 ἐν
438 4387 598 4473 Ὀίποῖυντι1
631 4389 734 4478 ἐπειδὴ
757 4392 896 4476 Σωτέλης
920 4392 1052 4458 Σωσίνου
1075 4389 1150 4479 ἀνὴρ
1173 4417 1234 4456 κα-

200 4493 252 4569 λὸς
280 4492 414 4582 κάγαθὸς
438 4491 487 4562 διὰ
508 4492 676 4583 πμογόνιυίν]
692 4495 698 4583 Ι
717 4489 819 4570 εὔνους
842 4492 984 4583 θποίμχυιν
1006 4499 1066 4569 τοῖς
1088 4496 1235 4582 τεχνίταις

142 4615 231 4665 ciunt,
246 4615 352 4658 Deiectus
367 4616 471 4668 inscript.
486 4615 566 4658 Graec.
1055 4627 1069 4668 8
