3172 5198
102 325 186 389 ..ιιι
648 325 751 390 nuper.

110 414 252 425 ...μ-.-

103 529 148 594 86
171 532 302 611 Delphis
325 532 357 591 in
381 549 470 592 muro
493 529 669 610 polygonio.

208 710 368 805 Ἄρχοντος
385 717 531 782 Πισιδέου
554 721 607 780 τοδ
621 715 756 790 Ξένωνος
779 714 869 802 μηνὸς
885 716 1064 800 Θευξενίίίίου
1087 716 1134 782 ἐπὶ
1156 717 1251 790 τοῖςδε

213 817 369 906 ἀπέδοίνμο
392 813 545 906 Εὔανδρος
568 819 618 884 καί
641 817 802 884 Καλλιστώ
826 823 1099 904 συνευΙδοκεουσίᾶίν
1122 820 1173 885 καί
1195 824 1248 886 τᾶν

211 925 384 1010 θυγατέρων
410 920 526 1009 Atripe<
549 921 599 987 καί
616 921 803 996 Καλλιστοῦς
820 925 824 1004 Ι
841 929 884 1010 τῷ
902 919 1064 989 Ἀπόλλωνι
1085 929 1127 1010 τῷ
1143 923 1251 1010 Πυθίῳ

173 1041 189 1090 5
213 1033 301 1112 σῶμα
326 1025 472 1113 ἀνδρεῖον,
498 1019 524 1111 ᾧ
546 1020 641 1111 ’όνομα
655 1017 772 1114 Eripe,
798 1023 930 1113 τὸγένος
949 1027 1064 1113 Θρᾷκα,
1090 1033 1177 1112 τιμᾶς
1193 1024 1249 1112 ἀρ-

212 1131 316 1216 γυρίου
339 1135 413 1214 μνᾶν
435 1125 598 1215 τεσσάρων,
626 1129 677 1194 καί
694 1135 698 1214 ί
715 1126 768 1194 τὰν
790 1125 877 1213 τιμὰν
900 1130 1000 1216 ἔχοντι
1014 1135 1123 1210 πᾶσαν,
1148 1126 1250 1202 καθὼς

211 1235 380 1316 ἐπίστευσίε]
411 1224 508 1318 Εὖρος
535 1239 578 1319 τῷ
607 1231 679 1319 bebi>
707 1229 759 1297 τάν
790 1229 886 1315 ὠνόν,
919 1230 970 1320 ἐφ’
1006 1226 1064 1321 ᾧτε
1093 1229 1251 1319 ἐλεόδερος

217 1336 299 1421 εἶμεν
323 1337 374 1401 καί
397 1333 565 1423 ἀνέφαπτος
589 1332 656 1415 ἀίπδ
678 1331 795 1401 πάντων
818 1332 873 1422 τὸμ
894 1333 991 1402 πάντα
1012 1332 1119 1426 χρόνον
1141 1339 1250 1402 ποιέων

212 1432 230 1506 ό
253 1465 293 1506 κα
308 1441 383 1525 δέλη
407 1439 458 1505 καί
474 1437 656 1527 ἀπίοτρέχων
673 1439 718 1512 οἷς
733 1463 773 1506 ua
788 1441 878 1526 δέλιμ
926 1436 1189 1528 βεβαιωτήρκατὰ
1203 1436 1251 1506 τὸν

162 1556 193 1606 10
215 1540 304 1630 νόμον
327 1550 379 1617 τᾶς
400 1540 511 1630 πόΙίλιος
532 1537 665 1616 Ε’όδοκος
682 1543 807 1629 Πραξία.
857 1546 883 1608 εἰ
906 1546 939 1610 δέ
955 1569 999 1617 τις
1015 1539 1136 1610 όίπτοιτο
1152 1536 1251 1631 Εόροο

213 1649 261 1714 ἐπὶ
292 1647 549 1735 καταίδοολισμῷ,
585 1649 707 1734 βέβαιον
730 1643 921 1734 παρεχόντων
944 1654 987 1735 τῷ
1009 1651 1073 1736 θεῷ
1095 1645 1147 1714 τὰν
1171 1645 1249 1713 ὠνὰν

217 1751 249 1816 οἵ
269 1777 300 1816 τε
317 1754 321 1826 l
339 1747 520 1836 ἀποδόμενοι
535 1744 690 1838 Εὔανδρος
712 1751 764 1816 καί
779 1749 941 1816 Καλλιστὼ
965 1752 1015 1817 καί
1038 1748 1054 1817 ό
1080 1749 1250 1839 βεβαιωτήρ

217 1848 382 1938 Εόίίδίοιιος.
429 1857 456 1919 εἰ
479 1853 512 1919 δὲ
536 1851 576 1939 μὴ
599 1856 744 1942 παρέχοιν
770 1857 892 1944 βέβαιον
915 1861 958 1942 τῷ
980 1857 1044 1942 θεῷ
1066 1852 1118 1922 τάν
1135 1851 1223 1936 ἀνόν,
1244 1858 1248 1933 Ι

162 1971 193 2021 15
214 1954 390 2044 [npeiluttpot
419 1953 525 2024 ἐόντων
554 1955 630 2022 κατὰ
659 1955 708 2023 τὸν
731 1954 819 2043 νόμον
842 1965 894 2032 τᾶς
916 1955 1187 2045 πόλιος.11[δμοίως
1210 1959 1251 2042 δὲ]

214 2062 265 2127 καί
295 2064 323 2126 οἱ
345 2058 622 2149 παρατυγχάνοντες
644 2057 743 2148 κόριοι
765 2058 873 2128 ἐόντων
892 2069 895 2144 ί
914 2065 1066 2136 συλέοντες
1089 2053 1186 2149 Εὗρον
1210 2060 1250 2136 ὡς

214 2160 373 2251 έλεόδερον
397 2161 483 2230 ἐόντα
504 2161 637 2250 [ἀζάμιοι
653 2166 657 2248 Ι
674 2161 779 2248 ἐόντείς
798 2165 849 2230 καί
866 2162 1039 2230 ἀνυπόδικον
1053 2162 1150 2239 πάσας
1167 2168 1251 2238 δίκας

215 2269 265 2334 καί
289 2271 406 2353 ζαμίας.
455 2264 610 2354 μοίρτυίροι
631 2271 659 2332 οί
684 2269 771 2354 ἱερεῖς
793 2275 845 2332 τοῦ
857 2265 1044 2343 Ἀπόλλωνος
1055 2267 1247 2356 Ἀνδρόνικος,

218 2372 370 2459 Πραξίας,
392 2373 462 2457 litai
486 2375 513 2437 οἱ
537 2366 680 2459 ἀρχοντες
704 2365 848 2454 Εὔδοκος,
870 2370 1055 2460 Ἀγησίλαος,
1084 2373 1225 2454 Γλαῦκος,
1242 2374 1253 2461 b

139 2473 143 2484 “
163 2487 195 2537 20
218 2476 269 2540 καί
293 2478 410 2540 ἰδιῶται
432 2472 571 2548 Καϊοίδας
594 2471 823 2562 Κλευίίβοόμου,
844 2473 1038 2561 Ἀνδρομένης
1062 2472 1217 2551 Batitas.

109 2668 288 2731 Ediderunt
310 2670 346 2730 E.
366 2668 501 2746 (inerms,
528 2665 587 2728 An.
606 2669 642 2728 D.
662 2667 692 2728 5.
725 2669 863 2730 Rausann
878 2687 910 2727 n.
930 2667 1002 2728 907.
1043 2669 1098 2730 Est
1113 2670 1294 2749 exemplum

109 2773 305 2835 usitatissimi
329 2773 457 2853 generis
479 2772 759 2834 manumissionum
782 2771 880 2834 seculi
904 2791 933 2834 a.
954 2772 1027 2833 Chr.
1046 2771 1132 2833 tertii
1153 2771 1193 2853 (v.
1214 2772 1295 2833 Gur-

109 2878 187 2939 tium
204 2876 224 2937 l.
244 2877 266 2937 l.
286 2897 316 2957 p.
337 2876 382 2958 8).
422 2895 518 2938 versu
535 2879 552 2936 9
576 2872 632 2955 οἷς,
659 2874 744 2955 quod
767 2876 800 2936 in
821 2875 980 2938 similibus
995 2876 1095 2937 titulis
1111 2877 1294 2956 saepissime
1396 2880 1400 2886 '

111 2981 282 3060 reperitur,
308 2998 370 3041 non
393 2979 521 3040 dativus
543 2979 674 3058 pluralis
699 2987 746 3040 est
761 2977 819 3040 sed
834 2977 1020 3042 adverbium
1037 2978 1134 3041 loeale
1150 2978 1294 3041 eiusdem

110 3083 348 3165 significationis
370 3093 465 3163 atque
482 3080 655 3144 Atticorum
679 3077 718 3143 οἷ.
760 3081 797 3142 ei.
818 3081 858 3142 de
882 3101 918 3144 eo
933 3080 1069 3162 Ahrens,
1099 3079 1184 3144 ‘diat
1209 3080 1294 3144 Dor.'

111 3208 141 3267 p.
160 3185 279 3268 367sq.
305 3194 337 3246 et
360 3185 396 3246 G.
424 3185 551 3247 Curtius
574 3186 606 3245 in
632 3185 785 3248 ‘Bericbte
807 3185 863 3246 der
885 3184 943 3268 lapi.
969 3186 1069 3249 sdclts.
1098 3186 1296 3268 Geseliseltast

110 3291 165 3352 der
190 3289 464 3370 Wisseesclmstert’
492 3289 571 3348 l86l
596 3308 628 3368 p.
648 3289 719 3350 230.
769 3287 940 3368 συλέοντες,
974 3288 1058 3370 quod
1083 3298 1114 3350 et
1144 3292 1176 3352 in
1199 3290 1294 3352 huius

110 3395 192 3456 tituli
215 3412 311 3455 versu
328 3394 366 3452 46
391 3402 422 3454 et
445 3392 641 3472 insequenti
663 3389 724 3471 (87,
746 3391 793 3474 ll)
815 3400 847 3453 et
869 3393 900 3454 in
918 3394 1026 3454 multis
1041 3392 1199 3457 similibus
1214 3393 1295 3474 legi-

110 3507 173 3578 tur,
198 3508 246 3559 est
269 3497 470 3578 participium
494 3515 511 3556 a
534 3497 633 3576 stirpe
657 3495 728 3558 συλε
749 3494 940 3574 derivatum,
965 3515 1059 3576 quam
1075 3507 1204 3578 praeter
1219 3498 1295 3560 συλα

111 3603 143 3662 in
165 3619 226 3663 usu
249 3600 346 3663 luisse
369 3597 544 3680 putandum
569 3607 627 3660 est.
675 3597 714 3659 de
739 3597 974 3680 vicissitudine,
1009 3619 1091 3680 quae
1114 3602 1198 3662 inter
1220 3603 1296 3662 stir-

109 3723 166 3785 pes
194 3703 365 3767 verborum
394 3711 623 3763 contractorum
652 3701 839 3778 intercedit,
872 3703 936 3782 egit
966 3703 1002 3766 G.
1037 3705 1182 3783 Curtius,
1220 3704 1295 3766 ‘das

115 3806 239 3869 Verbum
262 3807 317 3868 der
338 3804 450 3888 prteclt.
478 3805 628 3885 Spraclte'
650 3807 662 3866 l
685 3824 716 3885 p.
737 3806 798 3865 348
808 3823 879 3885 sqq.

110 4060 153 4130 87
176 4064 304 4146 Delphis
326 4063 359 4124 in
383 4081 472 4126 muro
494 4063 671 4145 polygonio.

209 4245 368 4338 Ἄρχοντος
384 4249 532 4315 Πισιδέου
554 4254 605 4314 τοῦ
622 4249 756 4324 Ξένωνος
779 4247 1011 4336 μηνὸςἸλιαίοο
1033 4251 1081 4316 ἐπί
1104 4253 1178 4335 daile
1197 4256 1199 4322 ἶ
1218 4255 1252 4316 δε

218 4351 344 4419 ἀπέδοτο
366 4353 478 4426 Λυσίας
501 4351 671 4440 Εὐφρονίου
699 4357 742 4440 τῷ
761 4350 924 4419 Ἀπόλλωνι
950 4357 993 4440 τῷ
1016 4353 1125 4440 Πυδίιμ
1155 4357 1252 4439 σῶίμα

216 4457 397 4544 γυναικεῖον,
425 4448 562 4543 ᾇόνομα
586 4449 765 4542 Νικομόχα,
791 4453 825 4522 τὸ
847 4457 930 4542 γένος
954 4458 1109 4542 οἰκογενῆ,
1142 4463 1250 4547 τιμᾶςί
