3178 5188
76 333 133 397 ⁴⁴⁸]
606 347 730 396 nauum.
1200 342 1260 404 145

74 552 145 604 nota
176 561 216 605 ex
243 543 411 622 alphabeto
434 547 618 608 sanscritico
641 547 777 627 repetita
799 545 994 626 significare,
1027 555 1062 608 ut
1084 544 1260 609 Ahrcnsius

74 644 147 705 lecit
174 645 318 726 (marlot)
334 647 374 707 35
396 667 429 727 p.
450 649 487 708 tc
499 649 576 731 sq.),
602 650 697 710 nimis
719 649 922 711 artificiosum
938 667 1007 710 esse
1024 649 1102 708 mihi
1118 649 1257 712 videtur.

73 747 180 827 itaque
203 768 243 810 ne
266 760 321 811 aut
343 752 532 831 scripturam
555 751 703 813 traditam
726 752 929 813 obscurarem
952 760 1005 812 aut
1028 751 1125 813 verba
1141 751 1260 814 Graeca

71 849 250 913 difficiliola
273 853 356 914 lectu
378 853 560 932 redderem,
585 855 714 916 Deeckii
737 865 768 916 et
785 854 1011 934 Siegismundii
1028 855 1193 934 exemplar
1202 875 1260 917 se-

73 964 165 1016 cutus
186 976 201 1016 ν
224 955 361 1033 literam,
387 955 444 1017 ubi
468 956 626 1037 aGypriis
649 958 763 1018 omissa
780 965 855 1035 crat,
882 958 972 1017 uncis
988 957 1140 1018 inclusam
1157 958 1260 1018 inter-

72 1057 176 1136 posui.
201 1091 245 1102 —

158 1160 317 1221 Dialectus
334 1159 446 1240 Cypria
469 1161 627 1240 permulta
649 1161 865 1222 memorabilia
881 1159 1025 1240 praebet,
1051 1179 1133 1240 quae
1149 1180 1166 1222 a
1182 1164 1260 1223 viris

72 1261 172 1323 doctis
195 1263 226 1324 ll.
247 1263 280 1322 ll.
298 1263 452 1324 illustrata
475 1272 560 1324 sunt.
608 1262 769 1324 commodo
792 1274 964 1344 conspectu
987 1282 1024 1324 ea
1048 1266 1260 1344 comprehen-

72 1362 120 1424 dit
143 1363 294 1443 Schmidt,
324 1365 388 1426 ‘die
411 1365 555 1448 iusclrrtst
575 1384 634 1427 cort
656 1366 792 1427 Idolc'cu'
814 1386 848 1446 p.
867 1367 906 1426 69
917 1384 989 1446 sqq.
1015 1367 1049 1426 in
1071 1369 1258 1429 universum

71 1468 151 1528 haec
173 1467 327 1530 dialectus
341 1465 513 1529 Arcadicac
537 1469 613 1529 satis
635 1468 748 1529 similis
772 1467 869 1529 fuisse
885 1466 1055 1529 iudicanda
1071 1478 1129 1531 cst.
1162 1488 1261 1549 gene-

71 1571 157 1631 tivus
186 1571 267 1650 sing.
293 1571 414 1650 primae
438 1569 658 1631 declinationis
680 1570 800 1632 desinit
827 1571 861 1630 in
883 1592 945 1632 -αυ
973 1569 1012 1650 (e.
1032 1589 1061 1650 g.
1085 1565 1259 1657 Ὀνασαγό-
1295 1619 1301 1636 .
1374 1627 1375 1631 ,

73 1696 130 1756 pcc
148 1671 192 1754 l).
240 1674 375 1736 coertis
399 1674 473 1734 locis
504 1683 622 1735 mutata
654 1683 701 1735 est
730 1675 802 1736 inc
831 1671 867 1754 (e.
888 1693 917 1754 g.
945 1667 1004 1736 ἀπό
1028 1673 1073 1755 8).
1120 1693 1258 1755 praepo-

70 1778 201 1838 sitiones
224 1787 298 1838 sunt
322 1775 359 1849 ἰν,
386 1776 435 1846 ἐσς
456 1795 515 1857 pro
537 1776 582 1852 ἐν,
606 1775 637 1846 ἐξ
664 1775 701 1858 (e.
722 1795 751 1856 g.
771 1775 811 1858 ilc]
831 1779 874 1860 τῷ
897 1769 1096 1860 Φιλοκύπρων
1120 1773 1208 1852 ferat
1225 1779 1253 1838 l.

71 1882 121 1950 ἐσς
149 1883 192 1963 τῷ
215 1875 316 1962 folacp
333 1878 376 1961 ὅ).
425 1871 484 1940 ἀπό
515 1888 546 1940 et
572 1878 622 1949 ἐσς
644 1898 715 1940 cum
739 1878 845 1941 dativo
867 1865 1103 1959 coniunguntur
1130 1873 1198 1960 (ἀπὸ
1221 1883 1259 1964 τᾷ

70 1985 108 2066 [ip
124 1981 168 2064 8).
215 2004 230 2044 ν
254 1982 424 2062 epagogici,
451 1981 536 2061 quod
559 1983 592 2043 in
615 1983 762 2062 genetivo
784 1983 864 2061 sing.
891 1981 1050 2044 secundae
1073 1981 1260 2045 declinatio-

69 2087 122 2146 nis
144 2085 330 2165 saepissime
353 2085 506 2164 scripturn
523 2093 571 2145 est
590 2082 629 2164 (e.
648 2103 677 2164 g.
697 2077 774 2166 diviti
795 2087 838 2146 τῶ
855 2083 970 2166 μισθῶν
986 2084 1030 2164 5),
1056 2104 1156 2146 unum
1173 2095 1259 2147 certe
1321 2086 1336 2100 ‘

70 2188 253 2268 exemplum
282 2188 375 2249 etiam
403 2188 435 2247 in
458 2187 549 2248 titulo
571 2188 737 2268 Tegeatico
759 2189 919 2268 reperitur
946 2183 1025 2267 (τωνὶ
1046 2189 1089 2249 τῶ
1111 2185 1257 2270 ἐπιζαμίω

69 2289 139 2372 38).
182 2291 230 2351 -ct'
249 2291 505 2351 terminationem
527 2288 626 2351 dativi
649 2291 731 2369 sing.
758 2288 915 2351 secundae
939 2288 1158 2350 declinationis
1181 2308 1256 2368 non,

68 2403 107 2455 ut
129 2393 214 2474 apud
231 2390 383 2471 Arcades,
409 2415 467 2472 -or,
494 2391 552 2454 sed
575 2414 621 2476 -ῳ
645 2393 743 2454 luisse
766 2401 898 2472 apparet
921 2393 1029 2454 exeis
1052 2392 1201 2470 exemplis
1225 2394 1258 2453 in

27 2495 33 2510 '
68 2497 142 2558 aliis
164 2496 266 2558 titulis
290 2494 499 2572 exstantibus,
529 2497 562 2556 in
586 2494 705 2574 quibus
728 2496 863 2574 simplex
886 2515 902 2555 o
925 2494 1076 2556 scribitur
1104 2499 1142 2570 (e.
1162 2514 1191 2574 g.
1216 2497 1259 2556 τῶ

63 2594 230 2664 Ἀπόλλωνι
251 2601 293 2660 τῶ
310 2590 445 2681 Ἀμόκλω
468 2597 508 2659 cl.
523 2597 876 2678 {Deecke-Slegismund
899 2598 920 2660 l.
938 2599 960 2658 l.
988 2599 1077 2678 238).
1117 2607 1259 2660 ceterum

67 2712 134 2764 tota
157 2704 236 2763 ratio
259 2702 462 2782 grammatica
484 2701 586 2762 titulis
603 2700 717 2782 Cypria
740 2701 903 2762 literatura
924 2700 1059 2760 exaratis
1075 2698 1259 2760 adhibenda

67 2816 135 2866 tam
162 2804 302 2866 difficilis
331 2813 395 2883 est,
427 2813 464 2866 ut
492 2823 562 2866 eam
591 2803 644 2864 hic
671 2802 762 2865 brevi
783 2803 984 2864 adnotatione
1007 2801 1172 2863 absolvere
1195 2821 1259 2863 non

67 2908 198 2988 possim.
246 2907 302 2986 qni
325 2926 394 2968 eam
417 2924 606 2987 cognoscere
628 2906 714 2983 vult,
741 2906 767 2966 is
794 2905 834 2966 ad
856 2905 1095 2967 dissertationes
1118 2905 1258 2966 virorum

67 3010 243 3089 doctorum,
269 3027 349 3088 quas
371 3027 466 3088 supra
489 3007 626 3086 laudavi,
653 3017 795 3069 recurrat
816 3026 946 3069 necesse
970 3016 1028 3068 est.

123 4525 209 4573 Canna,
229 4525 337 4566 Delectns
350 4525 454 4576 inscript.
470 4524 547 4564 Gracc.
