3178 5188
723 337 743 389 1.
771 339 962 402 {ascriptiones
974 339 1096 388 Doricae.
1432 337 1470 399 [at
1481 365 1513 372 -

431 563 471 605 κα
498 563 764 625 πιατεοεντιροιεο.
781 577 825 588 -
850 553 899 614 m.
923 533 1032 618 δοσίτις
1055 537 1084 604 κ’
1112 537 1252 606 ἀπολίποι
1272 538 1398 627 πατοίρα
1422 541 1474 606 καί

432 641 466 709 τὸ
489 645 578 731 μέρος
600 647 648 709 τδν
670 640 821 731 χρεμοίτον
836 647 882 709 τδι
895 646 996 731 πατρί,
1023 645 1089 710 ἐπεί
1103 641 1130 709 κ’
1153 641 1363 732 Ιᾶποχένεται,
1392 648 1475 716 ἐξεῖ-

433 773 486 833 ρεν
510 745 672 834 ἀπολαχεῖν
695 745 744 812 τὸν
767 749 817 813 ἐπί
818 747 931 834 foccos
954 751 984 814 ἐν
1002 744 1191 813 Ναύπακτον.
1213 749 1345 834 ί-Θ
1369 741 1477 820 ‘deoru

432 877 473 917 κα
500 849 538 916 τὰ
560 847 764 937 ,ίείαδεφότα
792 853 963 940 διαφθείρει
985 854 1077 938 τέχνα
1098 851 1149 918 καί
1172 857 1295 939 μαχανᾷ
1316 853 1378 936 null
1405 860 1473 938 μιᾷ,

383 967 413 1016 15
434 947 481 1020 δτι
509 980 549 1019 κα
579 955 615 1040 μὲ
647 951 827 1042 ἀνφοτοίροις
857 957 971 1038 δοκέει,
999 953 1158 1021 Ὃποντίον
1188 981 1219 1020 τε
1241 958 1339 1043 χιλίαν
1362 958 1477 1041 πλέδία

435 1058 486 1122 καὶ
517 1057 718 1136 Ναίπακτίον
748 1064 797 1123 τδν
826 1059 990 1146 ἐπιίοίρον
1019 1060 1135 1146 clu-liic,
1172 1052 1276 1145 ἄτιμον
1305 1059 1389 1145 εἶμεν
1424 1061 1477 1124 καί

432 1163 579 1247 χρέίματα
608 1164 906 1248 παρατοφαχεῖοται·
942 1160 1163 1248 τόνκαλειρένοι
1192 1159 1245 1228 τάν
1272 1165 1358 1228 δίκαν
1381 1167 1478 1248 δδρεν
1582 1157 1583 1178 ³

432 1262 481 1328 τὸν
509 1262 627 1352 ἆρΙχὸν,
662 1269 692 1331 ἐν
715 1261 869 1352 τριοίφοντ’
904 1261 1035 1351 αμάραις
1058 1269 1163 1350 tepeo,
1195 1265 1228 1330 αί
1248 1291 1286 1331 κα
1309 1262 1472 1353 τριάφοντ’
1582 1251 1583 1262 ¹

434 1363 549 1456 αμοίραι
577 1371 737 1446 λείποντίαι
764 1375 816 1441 τᾶς
840 1366 955 1455 ἀρχᾶς·
987 1367 1080 1434 αἴκα
1104 1369 1139 1454 μὲ
1163 1372 1240 1434 διδοι
1260 1375 1305 1434 τδι
1328 1373 1475 1436 ἐνκαλει-

434 1473 517 1556 μένοι
545 1470 598 1536 τὰν
629 1475 730 1554 δίκαν,
763 1465 876 1556 dupino
899 1472 980 1558 εἶμεν
1004 1473 1054 1538 καί
1077 1475 1214 1559 χρέματα
1236 1477 1476 1560 παματοφαγεῖ·

385 1587 417 1634 20
441 1599 518 1638 οται.
558 1573 591 1640 τὸ
615 1577 703 1662 μέρος
727 1573 800 1661 μετὰ
824 1577 993 1654 intimatio
1017 1573 1157 1662 διορίσαι
1170 1569 1264 1663 δρφον
1280 1574 1328 1641 τὸν
1346 1574 1474 1662 νόμιον·

434 1681 465 1742 ἐν
495 1679 599 1764 οδρίαν
622 1678 674 1744 τὰν
697 1676 843 1766 ψαίριΕΙξιν
866 1680 948 1765 εἶμεν
971 1677 1060 1744 κᾶττὸ
1083 1681 1212 1764 θέδμιον
1234 1682 1294 1752 τοῖς
1311 1677 1476 1744 Ὕποκνα-

436 1782 543 1866 pitture
573 1783 716 1869 Λοφροῖς.
762 1779 863 1858 ταῦίτᾶ
897 1786 997 1848 τέλεον
1028 1782 1109 1868 εἶμεν
1138 1781 1299 1856 Χαλειέοις
1327 1787 1391 1856 τοῖς
1424 1780 1477 1848 οὐν

430 1882 590 1972 Ἀντιφάτορ
612 1886 779 1964 ίοικεταῖς.

330 2093 439 2155 Edidit
460 2095 684 2171 Oeconomnes,
705 2090 844 2158 Ἔποίκια
858 2095 981 2181 Λοκρῶν
996 2091 1157 2182 γράμματα
1171 2091 1205 2159 τδ
1220 2101 1335 2181 πρῶτον
1353 2091 1412 2160 ὑπὸ
1433 2094 1458 2158 l.
1479 2094 1515 2158 N.

330 2195 528 2281 Οἰκονορίδοο
550 2198 713 2261 ἐκδοθέντα
736 2198 786 2262 καί
809 2200 1056 2280 διαλεοκαδέντα,
1082 2202 1113 2263 ἐν
1125 2195 1275 2284 Ἀθήναις,
1296 2203 1393 2260 4869.
1425 2222 1517 2282 repe-

327 2303 378 2363 tiit
400 2302 437 2362 G.
464 2303 608 2380 CurtiuS,
643 2303 734 2365 Stud.
754 2305 797 2382 ll,
822 2323 854 2383 p.
874 2305 929 2364 tlt
944 2324 1016 2384 sqq.
1041 2304 1235 2384 amplissime
1266 2306 1443 2365 illustrarit
1470 2307 1515 2364 u'.

328 2407 467 2484 Viscum,
496 2405 617 2466 ‘nictu
636 2407 729 2468 llius!
745 2408 785 2468 26
807 2405 926 2487 (tait),
944 2428 976 2487 p.
996 2409 1129 2487 3ttsqq.‚
1149 2401 1266 2468 additis
1287 2407 1407 2468 tabulis
1426 2408 1518 2469 litho-

329 2509 458 2590 graphis
487 2509 622 2572 duabus
648 2545 690 2555 -
712 2507 756 2588 A,
784 2512 796 2570 t
830 2503 970 2591 κατὸνδε,
1014 2513 1034 2571 i.
1059 2531 1089 2573 e.
1120 2506 1198 2573 κατὰ
1225 2505 1325 2590 τόνδε,
1365 2514 1517 2590 quonium

329 2632 390 2673 uon
420 2613 515 2675 habet
542 2633 603 2693 quo
628 2614 800 2692 reseratur,
833 2615 1020 2676 documento
1044 2625 1091 2675 est
1113 2617 1259 2676 amissam
1284 2634 1353 2674 esse
1378 2616 1516 2694 priorem

329 2726 450 2797 partem
481 2718 576 2779 huius
605 2716 745 2791 decreti;
779 2717 863 2779 idem
893 2720 945 2779 vel
968 2717 1042 2779 inde
1066 2720 1167 2798 colligi
1193 2727 1331 2798 poterat,
1366 2718 1457 2798 quod
1481 2719 1518 2778 alr

330 2821 419 2880 initio
449 2819 574 2881 tabulae
601 2820 690 2881 solita
714 2823 907 2901 praescripta
932 2821 1059 2883 desunt.
1107 2823 1212 2901 itaque
1236 2822 1293 2882 hoc
1316 2822 1517 2884 corollarium

331 2940 399 2984 esse
423 2925 549 2984 maioris
572 2923 690 2984 decreti
716 2924 926 2985 Kirchholfius
949 2928 1133 2996 existimat,'
1150 2945 1243 3005 quam
1267 2925 1464 2986 senientiam
1489 2928 1517 2985 in

330 3026 443 3087 scholis
466 3027 678 3107 epigraphicis
701 3027 741 3088 ab
765 3048 800 3088 eo
823 3031 942 3109 accepi.
962 3032 1038 3090 -2
1060 3019 1146 3109 δποίςί
1168 3029 1248 3098 ξένον
1265 3028 1441 3108 legendum
1459 3041 1515 3090 est.

334 3141 507 3209 'tamquam
530 3131 710 3210 hospitem’
746 3132 800 3212 qui
818 3133 910 3193 aliter
927 3134 1125 3212 explicarunt
1146 3126 1303 3216 (opidiencia,
1329 3126 1514 3200 δπλόξενονί,

332 3234 425 3294 etiam
456 3235 481 3294 si
507 3235 579 3295 talia
609 3254 666 3315 per
695 3256 729 3296 se
760 3237 886 3297 meliora
916 3247 1022 3298 essent
1051 3257 1146 3316 quam
1168 3247 1260 3315 suut,
1292 3248 1398 3297 tamen
1425 3239 1459 3297 in
1484 3259 1518 3297 eo
1583 3273 1584 3306 r

332 3348 491 3414 errarent,
525 3338 608 3417 quod
640 3349 735 3399 totam
767 3341 846 3400 lianc
876 3342 1008 3419 primam
1033 3342 1219 3402 sententiam
1243 3339 1282 3402 ad
1307 3341 1375 3401 iura
1400 3341 1518 3401 colonis
1583 3337 1584 3360 ¹

332 3440 417 3520 apud
439 3443 625 3521 Naupactios
648 3461 804 3521 concessa,
831 3463 906 3522 non,
932 3455 966 3504 ut
990 3445 1128 3524 reliquas
1150 3463 1270 3522 omnes,
1294 3444 1335 3506 ad
1358 3464 1517 3506 commer-

332 3548 415 3606 cium
431 3547 515 3606 inter
530 3545 653 3606 colonos
669 3557 699 3606 et
711 3548 822 3606 Locros
838 3546 1101 3627 llypocnemidios
1114 3558 1274 3608 servatum
1292 3547 1463 3609 relerrent.
1478 3583 1516 3592 -

332 3650 366 3726 B,
388 3648 425 3707 ill
449 3667 551 3717 πιατες
573 3645 684 3730 ἔντιμοι
707 3671 737 3718 ες
753 3649 862 3710 literae
878 3651 1075 3730 neglegentia
1092 3651 1171 3726 eius,
1198 3649 1252 3729 qui
1270 3648 1437 3710 decretum
1455 3653 1516 3712 acri

333 3752 506 3833 inscripsit,
534 3751 688 3813 turbatae.
706 3754 845 3814 —Haec
867 3752 974 3814 tabula
997 3774 1052 3831 ea,
1078 3773 1158 3833 quae
1183 3773 1253 3813 mox
1276 3755 1424 3833 sequitur
1455 3755 1510 3834 (94¹
1583 3775 1584 3784 ¹

333 3856 425 3936 paulo
450 3857 607 3918 recentior
635 3875 703 3918 esse
727 3856 871 3932 videtur;
905 3876 976 3917 nam
1001 3858 1059 3918 elsi
1083 3876 1104 3940 ρ
1128 3858 1269 3936 literam,
1302 3875 1383 3936 quae
1409 3859 1442 3917 in
1470 3859 1516 3917 illa

333 3978 395 4020 non
419 3967 534 4039 exstat,
566 3970 638 4021 ante
661 3984 677 4022 ο
701 3970 731 4021 et
755 3983 788 4044 ρο
811 3962 966 4038 servavit,
992 3972 1107 4040 tamen,
1136 3980 1205 4023 cum
1230 3962 1262 4021 in
1285 3961 1519 4022 terminationi-

334 4063 394 4124 bus
424 4064 570 4125 infinitivi
600 4075 630 4124 et
661 4065 831 4127 accusativi
861 4065 945 4144 plur.
978 4061 1017 4126 El
1049 4074 1079 4126 et
1109 4059 1161 4126 ΟΥ
1189 4065 1321 4142 scriptas
1351 4065 1515 4143 praebeat.

334 4186 414 4246 quae
444 4169 475 4228 in
506 4167 557 4227 illa
587 4177 660 4229 sunt
690 4163 714 4228 l]
744 4177 775 4228 et
804 4163 847 4246 Ο,
883 4179 1005 4229 auctam
1035 4169 1086 4231 vel
1122 4161 1205 4229 certe
1234 4169 1335 4245 magis
1363 4166 1517 4230 firmatam

334 4270 458 4332 dialecti
494 4271 654 4331 lenitatem
691 4270 839 4332 ostendit.
887 4272 973 4333 unde
1005 4273 1106 4352 colligi
1143 4280 1245 4351 potest
1277 4290 1333 4331 nos
1361 4273 1394 4332 in
1428 4273 1519 4333 titulo

335 4376 373 4434 ut
398 4369 424 4435 E
446 4384 477 4435 et
495 4369 542 4453 Ο,
576 4394 656 4454 quae
680 4385 753 4435 sunt
782 4378 812 4435 in
842 4376 1119 4437 terminationibus
1142 4375 1377 4456 declinationis,
1412 4397 1472 4456 per
1494 4399 1517 4437 ει

337 4488 368 4537 et
391 4501 435 4556 oo,
462 4495 523 4538 non
548 4496 607 4557 per
628 4501 648 4561 η
670 4488 701 4539 et
716 4504 741 4538 ω
764 4479 992 4558 intellegendas
1008 4499 1069 4542 non
1088 4481 1244 4540 immerito
1260 4480 1421 4540 statuisse.
1463 4499 1518 4540 ner
