3238 5198
69 334 158 398 -251
596 337 721 401 Corcyra.
1211 334 1252 398 33

67 545 194 603 sum'l
224 542 298 606 dedi
330 563 370 606 ex
399 545 576 606 coniectura
612 544 751 623 Frannii,
791 544 845 624 qui
885 544 906 604 l.
936 545 957 605 l.
989 545 1086 606 variis
1118 543 1159 606 de
1193 545 1251 606 hoc

67 645 136 705 loco
159 647 326 707 sententiis
348 648 541 708 enumeratis
568 647 790 728 christophoro
814 647 951 709 Philotae
979 646 1122 709 concedit
1143 649 1251 709 liene-

69 758 206 829 cratem,
232 752 306 829 quia
327 742 464 834 πρόξενος
487 750 598 828 inerit,
629 743 795 833 προστάταν
823 752 881 812 τῶν
912 748 1062 832 depectunt
1085 753 1140 812 τῶν
1164 746 1251 835 Κορ-

68 850 201 936 κυραίων
224 851 288 914 dici
314 871 417 933 posse.

156 957 277 1017 Literae
300 965 502 1036 pervetustae
530 975 548 1016 a
570 955 682 1016 dextra
705 954 745 1016 ad
767 957 924 1018 sinistram
954 966 1132 1037 spectantes
1164 967 1196 1018 et
1218 981 1253 1020 ou

68 1059 257 1140 diphthongi
280 1058 478 1122 adulterinae
500 1060 656 1139 scriptura
679 1060 836 1120 recentior
865 1054 916 1121 ΟΥ
938 1061 1021 1121 inter
1043 1080 1077 1122 se
1099 1079 1162 1122 non
1184 1061 1252 1123 dis-

68 1172 212 1242 crepant.
249 1182 321 1224 nam
352 1164 429 1224 haec
451 1163 607 1243 scriptura
639 1164 733 1224 etiam
767 1161 851 1243 apud
885 1163 1079 1241 Corinthios,
1116 1182 1250 1244 quorum

69 1267 224 1326 rationem
246 1265 408 1327 scribendi
431 1266 596 1347 Corcyraei
625 1265 858 1327 accuratissime
892 1275 1079 1344 servarunt,
1115 1267 1190 1329 inde
1212 1266 1253 1328 ab

69 1369 289 1448 antiquissimo
318 1379 459 1450 tempore
491 1369 523 1430 in
553 1389 612 1431 usu
644 1367 712 1430 luit.
776 1388 806 1429 v.
844 1369 1020 1448 Kirchhoii,
1059 1369 1253 1431 ‘scholmi

70 1492 103 1551 p.
122 1474 175 1532 79.
221 1466 335 1556 πόνηθε
358 1492 398 1534 ex
419 1468 531 1556 πόνησε
554 1471 670 1533 iactum
693 1491 763 1533 essa
786 1473 932 1533 Franzius
955 1472 1016 1534 sihi
1039 1474 1154 1535 misere
1177 1492 1253 1554 pcr-

72 1578 182 1636 suasit.
208 1586 256 1638 est
277 1575 363 1638 haud
385 1575 482 1638 dubie
505 1594 570 1637 aor.
595 1595 680 1656 pass.
704 1568 824 1658 πονήθη
846 1593 904 1655 pro
926 1593 990 1636 aor.
1017 1575 1100 1638 med.
1119 1577 1249 1657 positus.

71 1714 114 1723 —
135 1676 185 1740 Ad
207 1678 333 1741 dialecti
362 1689 506 1741 naturam
536 1690 567 1740 et
596 1687 696 1740 artem
719 1680 952 1758 grammaticam
976 1681 1149 1759 spectantia
1172 1700 1253 1760 quae

71 1802 111 1843 ex
146 1785 203 1844 hoc
237 1783 327 1844 titulo
360 1783 439 1844 disci
473 1784 610 1863 possint,
646 1783 795 1844 nonnulla
824 1782 1060 1846 adnotaverunt
1088 1781 1251 1863 Animam,

74 1885 256 1967 ‘Zeitsehrist
278 1885 335 1967 fiir
358 1886 581 1968 oerpleichende
605 1879 901 1968 Sprochforschunp’
924 1887 989 1966 lp.
1018 1888 1077 1946 llil
1101 1904 1191 1967 sqq.,
1224 1897 1256 1949 et

70 1991 148 2050 lloss
171 1991 192 2050 l.
211 1991 232 2050 l.
253 1989 464 2052 memorabilis
486 2000 534 2050 cst
555 1990 735 2050 terminatio
751 1990 888 2068 genetivi
905 1989 938 2050 in
954 1985 1134 2065 Tiooiefo,
1160 2009 1254 2070 quam

72 2094 316 2155 vetustissimam
346 2112 415 2154 esse
444 2091 647 2154 huirechtius
677 2101 775 2171 putat.
805 2102 836 2152 at
865 2093 1012 2172 quoniam
1046 2092 1203 2174 digamma
1237 2113 1254 2156 a

72 2197 206 2275 pristina
229 2195 327 2258 iorma
350 2197 444 2258 huius
467 2196 697 2258 terminationis
711 2196 849 2258 alianum
870 2205 934 2275 est,
961 2198 1137 2258 recentiore
1153 2207 1253 2258 aetate

72 2302 248 2380 spirantem
278 2302 361 2361 inter
391 2299 469 2362 duas
499 2299 622 2360 vocales
652 2299 819 2377 irrepsisse
848 2299 1026 2380 putandum
1054 2311 1120 2379 est,
1157 2310 1191 2362 ut
1221 2302 1253 2362 in

72 2401 196 2479 arctici
230 2403 334 2486 (supra
363 2403 395 2464 in
418 2404 508 2464 titulo
530 2401 646 2482 Argivo
672 2402 720 2484 ⁴5)
748 2411 779 2463 et
802 2405 835 2462 iu
859 2403 1029 2465 similibus.
1055 2405 1148 2465 aliter
1170 2403 1255 2465 iudi-

74 2509 155 2568 cavit
171 2507 206 2567 G.
226 2507 370 2586 Curtius,
399 2505 602 2568 ‘Fleckeisca'a
624 2505 825 2566 Jahrbttcher'
848 2505 882 2567 7⁴
917 2507 1018 2590 (⁴855)
1046 2528 1079 2588 p.
1100 2508 1174 2587 354,
1200 2509 1255 2588 qui

75 2607 100 2685 f
131 2611 163 2672 in
196 2606 357 2686 Tloclofo
388 2619 418 2672 et
449 2612 480 2671 in
510 2603 597 2685 fo'u,
638 2608 723 2689 quod
759 2611 791 2670 in
821 2609 927 2672 tabula
950 2611 1114 2673 Chalecnsi
1140 2619 1253 2690 exstat,

73 2716 199 2794 signum
232 2716 300 2776 eius
324 2715 473 2794 spirantis
497 2733 566 2775 essa
589 2722 694 2792 putat,
725 2731 806 2792 quae
830 2712 915 2793 apud
938 2713 1073 2776 Graecos
1102 2733 1119 2774 e
1146 2723 1256 2775 vetare

67 2817 227 2898 jreliqua
258 2818 365 2879 luerit.
395 2853 439 2861 -
467 2815 560 2878 Aetas
583 2817 678 2878 huius
709 2817 942 2897 epigrammatis
971 2817 1082 2879 eadem
1105 2826 1152 2878 est
1174 2835 1256 2897 quae

75 2921 305 3000 praecedentis

76 3177 175 3242 25111
198 3180 334 3260 capitulo
357 3180 454 3241 stelae
477 3180 661 3260 sepulcralis
688 3197 717 3240 a.
746 3178 827 3240 ⁴867
851 3179 1003 3261 Corcyrae
1027 3189 1173 3262 repertae
1194 3198 1256 3241 non

139 3284 247 3364 procul
270 3303 288 3344 a
311 3284 456 3364 sepulcro
478 3283 675 3344 Menecratis.

182 3465 283 3535 Στάλα
305 3465 520 3557 Ξενέάρεομ
542 3473 595 3535 τοῦ
618 3464 739 3542 Mittit<
761 3465 819 3555 εἰμ’
846 3467 896 3532 hrt
914 3463 1012 3554 τόμοι.

77 3659 184 3725 Edidit
212 3663 249 3722 li.
275 3664 455 3738 Bnnouauu,
485 3663 590 3722 Ilerm.
617 3663 652 3740 2,
684 3682 715 3741 p.
742 3662 802 3721 436
825 3679 915 3742 sqq.,
947 3663 1001 3740 qui
1033 3662 1101 3743 ipse
1129 3662 1257 3723 titulum

78 3774 219 3827 accurate
250 3766 427 3845 exscripsit.
474 3766 631 3844 scriptura
661 3773 710 3825 est
738 3765 949 3826 vetustissima
976 3765 1078 3827 literis
1107 3764 1260 3834 adcntra¹

78 3868 117 3930 ad
138 3868 299 3930 sinistram
322 3867 551 3949 spectantibus.
583 3865 751 3928 admodum
780 3868 858 3928 mira
889 3878 936 3929 est
958 3869 1107 3950 aspiratio
1137 3892 1159 3951 p
1186 3869 1258 3930 lite-

79 3973 110 4032 in
133 3968 271 4048 Μὲίὶιος,
295 3989 389 4051 quarn
412 3972 630 4050 Bergmannus
653 3989 723 4030 cum
747 3968 872 4054 pofoict
904 3969 964 4053 (vel
992 3973 1097 4053 potius
1119 3965 1254 4057 phfaiorl
1302 4031 1308 4047 ,

79 4074 161 4156 quod
184 4077 288 4158 ipsum
311 4093 437 4154 quoque
467 4074 500 4134 in
522 4074 612 4134 titulo
636 4072 804 4150 Corcyraeo
828 4075 866 4135 23
891 4083 993 4135 exstat
1016 4075 1147 4136 iortassc
1171 4083 1258 4137 recte

78 4189 245 4260 comparat.
269 4171 359 4261 τόμος
382 4196 437 4259 pro
459 4169 566 4261 τύμβος
588 4196 659 4238 cum
683 4179 777 4239 ctiam
800 4178 834 4238 C.
854 4178 874 4238 i.
894 4177 947 4238 Gr.
967 4179 1005 4241 20
1030 4180 1064 4239 in
1089 4175 1260 4258 iragmento

77 4281 191 4362 lapidis
213 4282 377 4363 Corcyraei
400 4282 540 4360 legatur,
566 4283 781 4359 Bergmannus
804 4281 862 4343 hoc
888 4281 953 4343 ioco
975 4274 1062 4364 τόμοι
1084 4283 1117 4343 in
1139 4274 1259 4367 eripimur

79 4396 199 4448 mutare
222 4405 277 4448 suc
300 4387 369 4447 iure
392 4385 504 4446 noluit.

130 4571 214 4621 cauas,
229 4571 336 4613 Delector
347 4571 452 4621 inscript.
464 4571 540 4613 Graec.
1041 4581 1054 4624 3
