3238 5198
634 339 812 390 Prooemium.

136 596 256 676 volgata
280 601 344 674 cst,
370 615 410 657 ex
433 615 469 657 ea
492 597 713 677 inscriptiones
729 599 762 658 in
785 597 843 658 hoo
865 596 991 659 delectu
1008 597 1202 660 distribuere
1219 599 1314 661 nolui.

138 717 348 796 nequeenim
373 717 439 796 spei
469 735 585 797 expers
615 716 661 779 lui
684 716 767 791 lore,
801 728 837 779 ut
859 718 958 780 titulis
986 721 1145 781 variarum
1169 718 1319 781 dialecto-

135 856 205 898 rum
228 856 290 897 non
313 856 442 916 prorsus
470 847 543 917 apte
574 838 753 918 compositis
776 837 967 900 desiderium
995 841 1197 901 accuratioris
1220 859 1319 919 quae-

134 957 261 1034 stioniS,
296 976 377 1036 quae
400 957 440 1020 de
463 957 668 1038 dissipatione
692 960 846 1020 sermonis
869 957 980 1020 Graeci
1003 959 1196 1022 instituenda
1220 970 1316 1038 esset,

134 1085 317 1157 augeretur.
365 1077 471 1157 itaque
501 1097 610 1140 omnes
634 1080 855 1159 inscriptiones
884 1097 963 1158 quas
987 1081 1175 1160 collegeram
1197 1081 1229 1140 in
1253 1089 1319 1141 tres

133 1207 239 1278 partes
269 1196 382 1275 divisi,
421 1198 567 1274 Doricos,
599 1196 758 1278 Aeolicus,
789 1199 926 1278 lonicus,
960 1200 1044 1261 inter
1075 1220 1154 1280 quas
1183 1197 1317 1262 Aeolicis

133 1318 228 1380 etiam
251 1337 304 1379 eas
326 1317 499 1398 adscripsi,
532 1337 614 1398 quae
637 1340 676 1380 ex
699 1320 878 1399 Thessalia,
908 1320 1048 1398 Boeotia,
1080 1320 1188 1398 Elide,
1221 1312 1337 1381 Arca-ยน

136 1437 203 1514 dia,
230 1438 332 1519 Cypro
354 1437 507 1500 oriundae
532 1448 631 1500 erant.

218 1559 279 1620 alia
309 1578 384 1619 vero
412 1557 582 1620 difficultas
610 1579 646 1620 eo
676 1560 758 1621 ellici
789 1560 976 1640 videbatur,
1008 1561 1094 1641 quod
1123 1563 1233 1624 Gracci
1264 1581 1317 1624 eas

135 1679 298 1760 regiones,
324 1699 365 1740 en
388 1679 505 1759 quibus
528 1680 674 1742 collectos
695 1682 803 1742 titulos
825 1680 998 1760 habemus,
1023 1701 1086 1743 non
1110 1703 1173 1744 uno
1196 1683 1317 1764 impetu

132 1799 309 1879 eademque
339 1808 440 1861 aetate
471 1809 683 1880 occuparunt,
714 1800 772 1862 sed
801 1809 886 1863 terra
913 1802 1071 1882 marique,
1106 1813 1142 1864 ut
1164 1803 1243 1865 forte
1266 1805 1315 1866 vel

131 1919 208 1980 belli
237 1921 287 1981 vel
317 1931 513 1982 mercaturae
537 1940 614 1982 usus
636 1920 833 2002 postulabat,
865 1923 926 1983 huc
949 1923 1025 1985 illuc
1048 1924 1223 2004 migrantes
1245 1944 1315 1985 cnm

131 2040 344 2102 dominatione
375 2042 470 2102 etiam
492 2043 647 2104 sermonis
669 2042 718 2104 sui
742 2041 1005 2104 consuetudinem
1028 2043 1178 2123 paulatIm
1200 2063 1317 2124 propa-

130 2170 296 2240 gaverunt.
344 2180 407 2241 quo
437 2160 553 2224 iactum
585 2170 649 2240 est,
682 2171 717 2223 ut
743 2162 920 2242 complures
949 2181 1069 2242 eaeque
1093 2164 1169 2224 satis
1192 2166 1315 2244 amplae

133 2282 276 2342 civitates
304 2280 474 2342 dialectum
504 2301 567 2342 non
590 2282 768 2362 antiquitus
791 2291 948 2344 servatam
971 2282 1028 2345 sed
1051 2283 1091 2344 ab
1114 2285 1199 2364 aliis,
1233 2304 1314 2365 quae

133 2421 186 2462 eas
216 2399 443 2480 condiderunt,
475 2410 633 2483 receptam
663 2402 829 2464 haberent.
876 2403 989 2464 harum
1019 2405 1131 2484 igitur,
1164 2407 1258 2466 etiam
1288 2408 1315 2467 si

132 2523 207 2583 locis
236 2541 365 2603 prorsus
394 2523 555 2584 seiunctae
579 2530 687 2601 erant,
719 2532 921 2585 monumenta
944 2525 1148 2604 epigraphica
1171 2535 1315 2605 separata

131 2641 226 2703 edere
251 2643 393 2722 ineptum
416 2644 520 2704 visum
543 2651 607 2722 est,
633 2644 821 2723 praesertim
845 2663 915 2705 cum
941 2645 974 2705 in
997 2645 1214 2726 compluribus
1237 2648 1316 2708 civi-

130 2761 249 2824 tatibus
278 2763 362 2823 tituli
392 2783 432 2824 ex
461 2763 589 2824 coloniis
618 2764 744 2843 repetiti
772 2764 910 2846 inopiam
933 2766 1172 2846 inscriptionum
1196 2769 1229 2827 in
1253 2768 1316 2828 illis

131 2883 210 2962 ipsis
234 2892 431 2962 repertarum
456 2885 585 2964 explere
607 2894 747 2963 possent.
795 2894 829 2946 ut
851 2885 968 2947 iactum
991 2894 1038 2946 est
1062 2886 1093 2946 in
1116 2886 1231 2948 tabulis
1254 2889 1316 2949 He-

130 3002 364 3079 racleensibus,
392 3023 473 3084 quae
496 3003 620 3065 Doridis
643 3006 810 3066 Laconicae
834 3007 1012 3086 exemplum
1036 3006 1201 3086 praebent,
1228 3017 1259 3068 et
1283 3009 1313 3069 in

130 3123 234 3184 titulis
267 3123 465 3204 CorcyraeiS,
502 3144 543 3186 ex
576 3124 693 3204 quibus
723 3125 877 3187 dialectus
908 3127 1138 3189 Corinthiorum
1173 3131 1315 3206 cognosci

131 3252 246 3324 potest.
294 3245 401 3324 itaque
425 3264 495 3305 cum
520 3246 665 3323 colonias,
691 3245 794 3325 quoad
816 3266 952 3327 possem,
978 3267 1049 3309 cum
1072 3248 1264 3327 civitatibus,
1288 3251 1315 3311 si

133 3365 324 3444 graecissare
348 3365 432 3443 licet,
459 3367 609 3426 maternis
625 3366 859 3445 coniungerem,
887 3387 995 3428 omncs
1011 3366 1078 3428 iere
1095 3369 1315 3450 inscriptiones

131 3492 219 3545 extra
243 3484 320 3546 fines
344 3485 443 3564 ipsius
467 3485 616 3548 Graeciae
639 3495 670 3548 et
694 3487 866 3549 insularum
883 3487 1072 3549 Graecarum
1097 3498 1240 3568 repertas
1262 3509 1315 3551 ce-

130 3606 209 3665 teris
232 3604 364 3666 inserui.
405 3623 524 3686 paucae
546 3614 669 3668 tantum
693 3607 821 3668 relictae
841 3617 915 3669 sunt
929 3607 1028 3669 urbes
1044 3610 1076 3669 in
1092 3611 1202 3689 Magna
1218 3610 1315 3671 Grae-

130 3726 177 3785 cia
207 3732 239 3786 et
268 3725 373 3787 Sicilia
402 3727 499 3796 sitae,
533 3746 631 3806 quae,
664 3727 811 3806 quoniam
840 3727 927 3789 unde
950 3728 1093 3791 conditae
1116 3731 1180 3791 sint
1203 3750 1314 3810 parum

130 3853 261 3920 constat,
287 3865 343 3906 suo
366 3847 493 3907 nomine
516 3846 738 3928 proponendae
761 3847 900 3909 luerunt.

216 3975 279 4026 tres
309 3967 419 4046 igitur,
454 3986 533 4046 quas
555 3987 652 4047 supra
675 3971 934 4047 commemoravi,
968 3972 1064 4032 totius
1087 3970 1186 4032 libelli
1209 3981 1315 4051 partes

132 4085 289 4165 quomodo
318 4087 402 4147 intra
425 4106 458 4148 se
481 4087 672 4150 dividendae
696 4088 831 4169 luerint,
864 4090 956 4151 modo
979 4092 1127 4171 exposui,
1161 4091 1315 4170 quomodo

132 4205 253 4267 divisae
276 4207 349 4283 sint,
377 4217 560 4288 conspectus
584 4208 666 4270 infra
688 4211 809 4291 positus
831 4207 938 4272 docet:
980 4211 1020 4273 de
1035 4209 1164 4274 Aeolide
1187 4221 1317 4274 nonest

134 4325 220 4406 quod
243 4326 367 4389 addam.
415 4329 560 4390 Doridem
585 4348 659 4392 vero
683 4329 767 4410 quod
789 4350 861 4411 non,
887 4340 923 4392 ut
944 4342 1015 4412 post
1034 4330 1227 4394 Ahrensium
1251 4353 1317 4394 mos

1093 4450 1110 4483 {r
