3238 5198
628 323 808 374 Prooemium.

129 591 160 642 et
193 583 335 675 primum,
364 581 495 662 quidem
529 601 611 662 qnae
641 581 682 644 ad
709 590 809 643 artem
838 581 975 642 criticam
1010 580 1210 662 spectabant,
1247 580 1314 641 fere

129 703 233 762 omnia
256 704 398 764 omittere
421 704 526 784 potui,
554 704 629 783 quia
653 721 724 779 eos,
761 703 815 782 qni
838 701 878 763 ad
902 720 970 764 eam
994 720 1160 763 recurrere
1183 701 1311 779 vellent,

128 841 187 902 per
209 832 297 884 notas
320 841 416 905 supra
439 823 615 906 descriptas
644 823 779 903 singulis
808 823 883 884 locis
906 822 1145 902 admonueram,
1179 840 1219 882 ne
1242 840 1315 883 ver-

128 942 179 1004 bis
201 962 219 1004 a
240 962 291 1004 me
315 945 485 1025 propositis
507 945 601 1006 nimis
625 942 801 1005 crederent.
828 963 900 1004 nam
924 962 1004 1023 quae
1027 945 1059 1004 in
1082 943 1183 1005 titulis
1207 961 1316 1004 emen-

130 1063 244 1124 dandis
278 1073 309 1126 et
341 1063 545 1144 restituendis
578 1065 638 1124 viri
672 1063 754 1126 docti
777 1045 1005 1142 elaborassent,
1041 1063 1134 1124 anxie
1169 1081 1316 1124 enarrare
1364 1053 1369 1060 ’

130 1203 166 1244 eo
190 1185 296 1245 minus
325 1193 467 1265 oportere
497 1185 574 1246 mihi
598 1182 784 1260 videbatur,
820 1182 906 1264 quod
929 1186 981 1244 vix
1003 1184 1099 1245 ullam
1122 1181 1316 1243 emendatio-

129 1325 202 1365 nem
226 1306 350 1386 recepi,
375 1323 470 1384 quam
493 1324 559 1366 non·
578 1305 649 1366 aliis
671 1303 832 1366 deberem.
858 1305 982 1366 suffecit
997 1305 1093 1383 igitur
1107 1306 1165 1365 hoc
1187 1304 1220 1363 in
1243 1302 1318 1364 uni-

130 1445 260 1486 versum
283 1444 412 1486 monere
435 1435 466 1486 ct
488 1427 521 1486 in
544 1425 677 1505 singulis
693 1424 952 1506 inscriptionibus
974 1425 1079 1486 titulos
1094 1443 1203 1486 eorum
1219 1421 1317 1484 libro·

131 1565 202 1607 rum
227 1545 278 1607 vel
302 1547 597 1607 commentariorum
621 1545 787 1623 adnotare,
814 1545 932 1626 quibus
947 1564 1002 1607 eae
1026 1546 1181 1626 copiosius
1203 1553 1318 1606 tracta-

129 1675 180 1728 tae
204 1674 319 1727 essent.
357 1667 459 1728 varias
480 1675 586 1728 autem
609 1667 782 1727 sententias
805 1667 944 1727 virorum
963 1666 1127 1729 doctorum
1150 1666 1318 1746 perpaucis

130 1797 255 1849 tantum
278 1787 353 1848 locis
369 1787 478 1867 attuli,
504 1805 640 1866 quorum
663 1788 820 1865 scriptura
844 1787 973 1847 rationis
991 1787 1208 1867 grammaticae
1225 1804 1316 1848 causa

132 1907 190 1968 hoc
219 1908 376 1987 postulare
406 1906 585 1968 videbatur.
631 1873 819 1986 nec⁴magis
847 1925 953 1967 meum
983 1925 1052 1968 esse
1081 1907 1190 1986 putavi
1223 1924 1319 1986 argu-

133 2036 239 2089 menta
267 2029 428 2090 variorum
461 2028 623 2090 titulorum
652 2029 776 2107 copiose
807 2027 981 2106 illustrare,
1020 2029 1169 2106 quoniam
1197 2027 1319 2088 alienae

132 2147 309 2210 industriae
343 2147 510 2229 decerptos
539 2148 661 2209 fructus
690 2147 836 2226 colligere
867 2147 961 2208 huius
996 2145 1096 2208 libelli
1134 2148 1319 2209 tenuitatem

134 2287 248 2349 parum
271 2268 416 2330 decebat.
443 2287 479 2330 ea
503 2287 593 2347 vero,
625 2286 706 2347 quae
735 2266 776 2328 ad
805 2269 872 2348 ipsa
902 2266 1000 2329 verba
1023 2267 1142 2329 Graeca
1163 2267 1238 2330 addi
1261 2287 1320 2328 ne-

138 2408 226 2451 cesse
248 2409 318 2450 esse
341 2389 535 2468 existimavi,
561 2388 639 2452 haec
661 2395 755 2449 sunt:
781 2388 920 2468 primum
944 2388 976 2447 in
1000 2388 1101 2468 capite
1116 2389 1322 2450 uniuscuius-

135 2527 198 2588 que
221 2508 434 2589 inscriptionis
449 2508 593 2586 enotavi,
619 2506 675 2568 ubi
699 2515 825 2588 reperta
840 2518 925 2569 esset
947 2518 995 2587 et,
1021 2507 1048 2568 si
1070 2509 1150 2570 scire
1165 2519 1318 2590 poteram,

134 2628 191 2690 ubi
221 2649 307 2691 nunc
336 2637 562 2691 asservaretur.
597 2629 643 2690 eis
666 2629 786 2706 titulis,
820 2646 899 2708 quos
922 2648 962 2689 ex
985 2629 1120 2710 Corpore
1143 2631 1323 2710 inscriptio-

132 2769 211 2811 num
234 2751 423 2812 Graecarum
440 2750 563 2830 recepi,
589 2768 755 2829 numeros,
782 2768 860 2829 quos
875 2750 908 2810 in
925 2769 961 2810 eo
978 2759 1110 2829 gerunt,
1136 2753 1227 2814 uncis
1243 2771 1325 2832 quaa

134 2869 235 2931 dratis
257 2871 394 2932 inclusos
415 2871 617 2951 praescripsi.
644 2868 760 2931 deinde
775 2880 845 2951 post
866 2870 963 2931 verba
986 2872 1200 2951 inscriptionis
1223 2874 1324 2954 ipsius

135 2989 263 3052 laudavi
287 2989 457 3052 editionem
481 2992 657 3072 principem
687 2999 719 3052 et
740 2991 836 3072 alias,
870 3009 952 3070 quae
983 3000 1109 3071 praeter
1131 3012 1200 3054 eam
1222 2993 1324 3073 primo

133 3110 202 3170 loco
231 3111 450 3191 inspiciendae
480 3120 597 3172 essent.
645 3109 797 3172 subiunxi
828 3110 957 3171 brevem
986 3111 1246 3192 significationem
1273 3133 1325 3174 ar-

134 3226 295 3310 gumenti,¹
327 3230 412 3310 qnod
441 3233 614 3311 unicuique
644 3231 735 3292 titulo
766 3231 929 3312 subesset,
963 3235 1145 3310 etaetatis,
1178 3235 1228 3294 cui
1252 3253 1325 3295 eum

134 3352 197 3412 viri
220 3349 304 3412 docti
326 3351 523 3414 tribuissent.
556 3370 618 3431 qua
642 3353 762 3413 ratione
778 3351 865 3413 ducti
881 3353 939 3413 hoc
958 3353 1117 3433 fecissent,
1144 3352 1200 3416 ubi
1216 3356 1326 3435 paucis

135 3471 246 3533 verbis
269 3471 338 3532 fieri
360 3480 493 3551 poterat,
520 3473 771 3533 commemoravi.
804 3463 1029 3554 sequnturea,
1056 3492 1138 3553 quae
1161 3474 1202 3537 ad
1223 3476 1327 3556 expli-

136 3591 270 3654 candam
298 3592 494 3654 literaturam
522 3593 627 3668 tituli,
659 3593 686 3653 si
708 3611 726 3653 a
749 3600 856 3653 nostra
886 3593 1007 3654 ratione
1037 3593 1199 3657 scribendi
1221 3596 1326 3675 aliquo

137 3711 230 3773 modo
252 3711 462 3793 discrepabat,
490 3714 666 3774 necessaria
690 3731 759 3774 esse
786 3711 987 3774 videbantur.
1027 3723 1191 3795 praeterea
1212 3715 1327 3777 formas

138 3833 369 3913 grammaticas,
395 3834 422 3894 si
444 3851 526 3912 quae
549 3832 663 3914 dignae
685 3841 786 3910 erant,
812 3851 893 3912 quae
909 3835 1094 3896 nominatim
1109 3835 1322 3916 laudarentur,

140 3954 193 4014 vel
220 3952 305 4015 nude
335 3955 518 4015 enumeravi
548 3955 616 4033 vel,
649 3955 676 4014 si
708 3953 785 4034 quid
814 3953 888 4014 novi
919 3953 959 4015 de
987 3955 1195 4037 explicatione
1219 3975 1328 4020 earum

142 4073 313 4135 dicendum
336 4083 414 4154 erat,
440 4072 584 4135 breviter
607 4074 772 4136 illustravi.
822 4077 865 4136 ita
889 4094 1079 4156 quamquam
1103 4078 1220 4139 iustum
1244 4097 1329 4138 oom-

144 4195 334 4257 mentarinm
358 4195 390 4255 in
413 4196 471 4256 hoc
493 4194 574 4256 libro
598 4193 716 4256 frustra
739 4214 891 4276 quaeres,
921 4205 1027 4258 tamen
1050 4217 1112 4258 non
1136 4198 1251 4259 desunt
1272 4197 1330 4259 ad-

143 4317 330 4394 notationes,
357 4335 449 4396 quae,
475 4335 545 4376 cum
568 4315 609 4378 ad
632 4317 748 4396 scripta
772 4319 911 4378 virorum
935 4318 1096 4380 doctorum
1120 4328 1150 4379 te
1166 4317 1327 4398 ablegent,

1092 4419 1126 4454 a*
