3178 5188
100 362 181 428 -et]
534 433 536 440 Ι
649 368 736 420 Locri.
1226 375 1284 435 115
1324 417 1327 428 .

208 567 358 642 Χαλειεῦς
381 573 412 634 ἐν
436 569 571 656 Οἰανθέᾳ
592 574 608 638 ἒ
631 570 778 646 Oinousa
801 576 832 638 ἐν
855 572 1003 653 Χαλείοι,
1034 580 1070 662 τᾷ
1098 577 1241 664 ἐπιδαμίᾳ

210 673 278 736 δίκα
299 675 426 760 χΙρέοτο.
473 672 522 740 τὸν
545 673 695 762 πρόξενον,
721 679 752 740 αἰ
776 679 888 764 ψευδέα
906 680 1065 764 προξενέοι,
1093 683 1199 763 italici
1213 706 1242 745 οι

208 773 272 840 θόϊ’
297 777 377 842 ἔοτο.

676 975 710 1034 Β.

210 1103 244 1169 αἴ
271 1097 305 1169 κ’
335 1102 527 1193 ἀνδιχάζοντι
553 1105 599 1172 τοὶ
626 1109 787 1188 ξενοδίκαι,
820 1106 966 1194 ἐπομότας
988 1113 1100 1196 altolto
1123 1136 1138 1175 o
1162 1112 1242 1184 ξένος

209 1204 319 1295 οπάγον
349 1207 402 1276 τάν
426 1211 511 1275 δίκαν
535 1209 625 1297 lxdie
648 1213 770 1299 προξένο
788 1215 791 1293 l
808 1211 859 1277 καὶ
883 1213 1034 1291 Admitto
1060 1211 1239 1301 ἀριστίνδαν,

208 1309 255 1376 ἐπὶ
279 1312 330 1398 μὲν
353 1315 417 1386 ταῖς
441 1315 602 1400 poenalior<
624 1313 674 1380 καὶ
695 1317 784 1381 πλέον
807 1314 1006 1382 πεντεκαίδεκ’
1035 1310 1163 1404 ἄνδρας,
1193 1318 1242 1382 ἐπὶ

171 1429 185 1476 5
208 1418 273 1490 ταῖς
289 1423 293 1493 Ι
312 1414 440 1501 μειόνοις
463 1415 548 1482 ἐννέ’
569 1411 691 1506 ἄνδρας.
736 1416 819 1484 ai'n’
847 1446 863 1485 ο
887 1419 1020 1497 facunde
1034 1419 1084 1485 ποὶ
1099 1419 1148 1485 τὸν
1165 1421 1242 1503 flu-

209 1516 275 1584 οτὸν
300 1517 453 1592 δικάζεται
475 1517 566 1595 narde
591 1519 748 1608 οονβολάς,
773 1520 934 1611 δαμιοργὸς
952 1526 955 1608 l
972 1526 1091 1590 ἑλέοται
1113 1521 1161 1597 τὸς
1184 1521 1241 1612 ὁρ-

208 1619 336 1709 κομότας
360 1622 529 1711 ἀριστίνδαν
553 1624 605 1691 τὰν
629 1627 810 1714 πεΙντοριιίαν
826 1623 1005 1713 ὀμόσαντας.
1044 1621 1093 1701 τὰς’
1108 1624 1240 1716 Aperopi-

207 1753 260 1801 τοις
281 1725 331 1793 τὸν
356 1725 452 1806 adrolo
473 1721 562 1817 ‘dpxov
586 1726 705 1816 ὀμνόιν,
729 1729 841 1797 πλιθόν
865 1730 898 1796 δὲ
921 1735 1012 1796 νικέν.

101 1918 278 1981 Ediderunt
301 1921 526 2000 Oncononmrs,
552 1920 701 2005 Αοκριιιῆς
724 1916 884 1985 ἀνεκδότοο
907 1922 1075 2006 ἐπιγραφῆς
1098 1918 1282 2007 διαφώτιοις,

104 2023 134 2084 ἐν
158 2017 310 2108 Κερκύρᾳ,
339 2024 438 2103 istm
466 2027 553 2103 Ross,
581 2022 646 2086 Alte
662 2024 807 2087 tolrtsote
823 2026 969 2107 tasiloni
983 2045 1041 2087 aaa
1055 2025 1196 2089 Chaleion
1211 2028 1284 2088 oder

104 2127 279 2202 Oiantheia,
306 2129 428 2208 Lipsiae
454 2128 552 2204 l85l3
589 2130 769 2208 Krncnnorr,
797 2130 905 2190 Philol.
934 2131 984 2208 l3,
1012 2131 1108 2210 lsqq.
1133 2132 1284 2203 —Quae

104 2231 135 2290 in
163 2231 260 2292 altero
291 2232 388 2293 latere
417 2233 512 2293 huius
541 2231 666 2294 tabulae
696 2235 854 2313 leguntur,
890 2253 924 2294 ea
949 2235 981 2292 in
1004 2234 1102 2294 altero
1125 2254 1186 2295 non
1210 2254 1285 2294 con-

102 2335 218 2396 tinuari
248 2346 390 2416 apparet.
439 2336 497 2396 hoc
525 2346 711 2415 argumento
737 2356 814 2398 usus
844 2335 1055 2416 Kjrchhoifius
1078 2339 1098 2398 l.
1125 2339 1145 2397 l.
1175 2337 1285 2400 foedus

103 2440 185 2500 inter
208 2438 397 2501 Chaleenses
421 2449 452 2501 et
471 2441 708 2502 Oeantheenses
729 2440 864 2519 factum,
890 2442 980 2502 cuius
1002 2460 1076 2521 pars
1099 2443 1157 2502 hac
1179 2441 1285 2503 tabula

103 2543 291 2621 continetur,
318 2544 361 2603 ita
384 2543 562 2621 illustravit,
590 2552 624 2604 ut
647 2544 715 2605 veri
739 2544 842 2604 simile
865 2545 905 2604 sit
920 2553 986 2604 tres
1002 2543 1125 2604 tabulas
1142 2543 1285 2605 eiusdem

102 2644 330 2724 magnitudinis
353 2655 384 2706 et
407 2647 491 2724 ipsas
513 2663 639 2725 quoque
660 2646 898 2726 opistographas
913 2644 1034 2708 deesse.
1055 2682 1096 2692 -
1112 2647 1283 2707 Literatura

102 2750 177 2810 satis
207 2758 328 2812 vetusta
361 2758 426 2810 est:
461 2746 487 2824 f
509 2758 669 2812 servatum
693 2759 724 2810 et
745 2740 791 2813 ὅτι
812 2750 991 2830 pronomini
1015 2751 1146 2811 relativo
1174 2747 1224 2828 (A,
1253 2748 1281 2830 6)

102 2854 257 2915 immerito
280 2854 495 2934 praepositum
523 2850 572 2934 (cf.
599 2852 704 2914 adnot.
729 2853 769 2914 ad
791 2853 840 2916 tit.
867 2852 931 2935 ii),
958 2849 1054 2934 Epro
1070 2877 1106 2936 η,
1134 2849 1230 2934 Opro
1246 2879 1283 2930 ιο,

102 2952 131 3017 H
161 2976 217 3036 pro
246 2957 362 3036 spiritu
391 2975 502 3036 aspero
532 2958 663 3036 positae.
711 2975 782 3017 cum
805 2956 837 3022 iu
860 2949 875 3018 ὁ
899 2958 1031 3019 articulo
1055 2965 1086 3017 et
1109 2957 1141 3018 in
1164 2950 1284 3040 ἁμαρᾶν

101 3068 174 3120 nota
197 3059 327 3139 spiritus
349 3059 463 3120 omissa
485 3060 542 3136 sit,
577 3059 604 3119 is
628 3077 663 3120 ea
686 3068 804 3138 aetate,
832 3077 894 3138 qua
917 3059 994 3120 haec
1015 3058 1122 3122 tabula
1144 3060 1211 3120 aeri
1234 3061 1285 3152 in-

102 3165 165 3223 cisa
188 3172 245 3239 est,
273 3163 365 3242 paulo
388 3163 493 3224 lenius
508 3163 731 3242 pronuntiatus
749 3181 819 3224 esse
834 3163 995 3243 putandus
1012 3172 1069 3225 est.
1107 3164 1165 3224 hoc
1180 3171 1283 3224 autem

101 3266 269 3346 vestigium
299 3267 438 3327 lenitatis
468 3265 632 3326 cuiusdam
662 3266 695 3326 in
724 3264 895 3327 dialectum
926 3268 1083 3328 Locricam
1114 3254 1285 3347 irrepentis

100 3371 259 3451 postulare
282 3369 411 3432 videtur
433 3379 468 3431 ut
492 3364 605 3431 OetE
629 3370 659 3429 in
684 3369 962 3431 terminationibus
985 3368 1205 3432 declinationis
1221 3389 1283 3431 non

100 3493 158 3555 per
180 3497 205 3534 a
229 3483 260 3535 et
282 3497 301 3556 η
325 3473 381 3534 sed
410 3493 469 3554 per
491 3496 527 3536 oo
553 3483 584 3534 et
606 3495 633 3535 ει
656 3472 935 3537 transscribantur.
982 3475 1090 3553 itaque
1115 3472 1284 3554 legendum

101 3587 176 3657 puto
198 3581 251 3646 τοῦ
272 3575 309 3656 A,
330 3580 358 3655 l,
385 3570 537 3661 οοπάγων,
560 3574 701 3661 προξένου
723 3579 758 3655 Β,
777 3579 806 3655 2,
834 3573 1004 3651 ἱιδιοξένοο
1026 3579 1061 3656 Β,
1080 3579 1110 3656 3,
1136 3577 1285 3660 δαμιοορ-

100 3674 170 3765 νοός
193 3683 227 3760 Β,
247 3683 276 3758 6,
302 3674 369 3751 τούς
392 3683 424 3760 Β,
445 3682 474 3743 7.
495 3683 531 3757 8;
560 3671 642 3762 ἄγειν
666 3679 702 3759 A,
724 3681 752 3740 l.
772 3681 801 3760 3,
828 3673 946 3763 ὀμνύειν
969 3683 1003 3760 Β,
1024 3683 1053 3758 9,
1081 3679 1179 3743 οολιῖν
1195 3679 1232 3760 A,
1251 3682 1281 3758 3,

100 3783 191 3846 νικεῖν
214 3786 254 3863 B,
275 3786 304 3844 9.
353 3785 505 3846 rationem
536 3783 632 3845 verba
655 3784 687 3845 in
711 3776 757 3846 oia
780 3782 959 3873 desinentia
982 3784 1156 3846 secundum
1179 3784 1286 3844 analo-

101 3889 183 3968 giam
212 3886 383 3948 verborum
412 3889 444 3949 in
475 3885 516 3948 έω
545 3887 759 3949 desinentium
787 3885 966 3950 declinandi
995 3886 1038 3967 (ut
1061 3887 1093 3948 in
1116 3887 1173 3946 hoc
1195 3885 1285 3946 titulo

101 3991 213 4068 οολεῖν,
244 3989 344 4074 ccxciv)
373 3992 528 4071 exemplis
552 3991 720 4052 illustravit
742 3989 866 4052 Ahrens
894 3990 978 4052 ‘dial
1004 3991 1087 4052 Dor)
1111 4009 1144 4070 p.
1163 3990 1282 4069 3l0sq.

100 4095 257 4176 copiosius
287 4095 326 4156 de
350 4105 413 4156 toto
440 4096 497 4155 hoc
528 4113 643 4174 genere
676 4094 825 4156 disseruit
849 4093 885 4155 G.
912 4094 1055 4173 Curtius,
1094 4093 1249 4155 ‘Verbum'
1273 4094 1284 4152 l

100 4219 132 4278 p.
161 4199 302 4278 atssqq.
329 4206 359 4258 et
382 4208 556 4260 memoratu
579 4197 710 4278 dignum
735 4206 799 4274 est,
833 4196 918 4277 quod
940 4197 992 4258 hic
1014 4197 1046 4258 in
1069 4217 1133 4258 uno
1157 4197 1285 4258 eodem-

101 4320 164 4380 que
186 4302 276 4362 titulo
305 4299 345 4361 ab
374 4313 508 4381 utraque
538 4301 636 4381 stirpe
667 4299 828 4364 derivatae
852 4298 968 4361 formae
991 4303 1058 4378 pari
1090 4301 1158 4362 iure
1188 4320 1284 4362 usur-

100 4413 225 4482 pantur.
251 4422 324 4464 nam
348 4405 406 4464 etsi
424 4403 562 4465 dubitari
579 4413 697 4484 potest,
723 4413 830 4466 utrum
846 4404 948 4483 οολοι,
975 4405 1101 4466 οολοντα
1116 4424 1174 4483 per
1189 4405 1283 4488 οολῷ,

101 4507 237 4570 συλῶντα
260 4525 299 4568 an
323 4507 506 4587 percolui,
540 4507 684 4569 culcitra
701 4505 961 4569 transscribenda
986 4509 1070 4586 sint,
1101 4517 1204 4568 tamen
1230 4531 1284 4569 ou-

1043 4627 1080 4677 8*
