<?xml version="1.0" encoding="UTF-8"?>
<!DOCTYPE html PUBLIC "-//W3C//DTD XHTML 1.0 Transitional//EN"
    "http://www.w3.org/TR/xhtml1/DTD/xhtml1-transitional.dtd">
<html xmlns="http://www.w3.org/1999/xhtml" xml:lang="en" lang="en">
 <head>
  <title>
</title>
<meta http-equiv="Content-Type" content="text/html;charset=utf-8" />
  <meta name='ocr-system' content='tesseract 3.04.00' />
  <meta name='ocr-capabilities' content='ocr_page ocr_carea ocr_par ocr_line ocrx_word'/>
</head>
<body>
  <div class='ocr_page' id='page_1' title='image "./delectusinscrip00cauegoog_0045.png"; bbox 0 0 3238 5198; ppageno 0'>
   <div class='ocr_carea' id='block_1_1' title="bbox 322 295 1518 688">
    <p class='ocr_par' dir='ltr' id='par_1_1' title="bbox 322 295 1518 688">
     <span class='ocr_line' id='line_1_1' title="bbox 325 295 1517 363; baseline 0.002 -18"><span class='ocrx_word' id='word_1_1' title='bbox 325 295 364 359; x_wconf 81' lang='lat'>18</span> <span class='ocrx_word' id='word_1_2' title='bbox 723 299 742 346; x_wconf 91' lang='lat' dir='ltr'>i.</span> <span class='ocrx_word' id='word_1_3' title='bbox 769 299 962 363; x_wconf 87' lang='lat' dir='ltr'><strong>inscriptiones</strong></span> <span class='ocrx_word' id='word_1_4' title='bbox 973 300 1096 350; x_wconf 88' lang='lat' dir='ltr'><strong>Doricae.</strong></span> <span class='ocrx_word' id='word_1_5' title='bbox 1436 299 1517 362; x_wconf 79' lang='lat' dir='ltr'><strong>[to-</strong></span> 
     </span>
     <span class='ocr_line' id='line_1_2' title="bbox 325 497 1515 582; baseline 0.002 -20"><span class='ocrx_word' id='word_1_6' title='bbox 325 501 463 582; x_wconf 88' lang='lat' dir='ltr'><strong>Spiritus</strong></span> <span class='ocrx_word' id='word_1_7' title='bbox 492 501 597 582; x_wconf 84' lang='lat' dir='ltr'><strong>asperi</strong></span> <span class='ocrx_word' id='word_1_8' title='bbox 629 511 701 566; x_wconf 90' lang='lat' dir='ltr'><strong>nota</strong></span> <span class='ocrx_word' id='word_1_9' title='bbox 730 512 779 564; x_wconf 86' lang='lat' dir='ltr'>cst</span> <span class='ocrx_word' id='word_1_10' title='bbox 801 499 826 562; x_wconf 92' lang='grc' dir='ltr'>Ι·</span> <span class='ocrx_word' id='word_1_11' title='bbox 847 513 882 566; x_wconf 89' lang='lat' dir='ltr'>ut</span> <span class='ocrx_word' id='word_1_12' title='bbox 905 504 937 566; x_wconf 90' lang='lat' dir='ltr'>in</span> <span class='ocrx_word' id='word_1_13' title='bbox 960 505 991 564; x_wconf 89' lang='lat'>8.</span> <span class='ocrx_word' id='word_1_14' title='bbox 1018 506 1048 564; x_wconf 88' lang='grc'>9.</span> <span class='ocrx_word' id='word_1_15' title='bbox 1096 505 1135 566; x_wconf 87' lang='lat' dir='ltr'>dc</span> <span class='ocrx_word' id='word_1_16' title='bbox 1159 497 1307 576; x_wconf 78' lang='grc' dir='ltr'>αὐταύτας</span> <span class='ocrx_word' id='word_1_17' title='bbox 1330 525 1361 564; x_wconf 87' lang='grc' dir='ltr'>ν.</span> <span class='ocrx_word' id='word_1_18' title='bbox 1389 504 1433 568; x_wconf 87' lang='lat' dir='ltr'><strong>ad</strong></span> <span class='ocrx_word' id='word_1_19' title='bbox 1461 507 1515 564; x_wconf 75' lang='grc'>24.</span> 
     </span>
     <span class='ocr_line' id='line_1_3' title="bbox 322 605 1518 688; baseline 0.002 -22"><span class='ocrx_word' id='word_1_20' title='bbox 322 605 452 684; x_wconf 88' lang='lat' dir='ltr'><strong>Keilius,</strong></span> <span class='ocrx_word' id='word_1_21' title='bbox 478 605 533 684; x_wconf 93' lang='lat' dir='ltr'>qui</span> <span class='ocrx_word' id='word_1_22' title='bbox 558 605 589 666; x_wconf 91' lang='lat' dir='ltr'>in</span> <span class='ocrx_word' id='word_1_23' title='bbox 615 606 774 688; x_wconf 82' lang='lat' dir='ltr'><strong>‘Sylloges</strong></span> <span class='ocrx_word' id='word_1_24' title='bbox 799 606 895 668; x_wconf 93' lang='lat' dir='ltr'><strong>inscr.</strong></span> <span class='ocrx_word' id='word_1_25' title='bbox 920 607 1037 670; x_wconf 82' lang='lat' dir='ltr'><strong>Boeot’</strong></span> <span class='ocrx_word' id='word_1_26' title='bbox 1060 628 1091 688; x_wconf 93' lang='lat' dir='ltr'>p.</span> <span class='ocrx_word' id='word_1_27' title='bbox 1111 609 1170 670; x_wconf 78' lang='lat'>233</span> <span class='ocrx_word' id='word_1_28' title='bbox 1196 608 1280 670; x_wconf 86' lang='lat' dir='ltr'><strong>huno</strong></span> <span class='ocrx_word' id='word_1_29' title='bbox 1300 609 1434 670; x_wconf 90' lang='lat' dir='ltr'><strong>titulum</strong></span> <span class='ocrx_word' id='word_1_30' title='bbox 1463 628 1518 669; x_wconf 89' lang='lat' dir='ltr'>re-</span> 
     </span>
    </p>
   </div>
   <div class='ocr_carea' id='block_1_2' title="bbox 322 702 1516 894">
    <p class='ocr_par' dir='ltr' id='par_1_2' title="bbox 322 702 1516 894">
     <span class='ocr_line' id='line_1_4' title="bbox 322 702 1516 792; baseline 0.003 -23"><span class='ocrx_word' id='word_1_31' title='bbox 322 709 429 788; x_wconf 87' lang='lat' dir='ltr'><strong>petiit,</strong></span> <span class='ocrx_word' id='word_1_32' title='bbox 462 717 566 769; x_wconf 87' lang='lat' dir='ltr'><strong>monet</strong></span> <span class='ocrx_word' id='word_1_33' title='bbox 597 710 628 768; x_wconf 95' lang='lat' dir='ltr'>in</span> <span class='ocrx_word' id='word_1_34' title='bbox 659 729 695 770; x_wconf 92' lang='lat' dir='ltr'>eo</span> <span class='ocrx_word' id='word_1_35' title='bbox 723 702 781 792; x_wconf 87' lang='grc' dir='ltr'>πρό</span> <span class='ocrx_word' id='word_1_36' title='bbox 810 712 1075 790; x_wconf 79' lang='lat' dir='ltr'><strong>praepositionem</strong></span> <span class='ocrx_word' id='word_1_37' title='bbox 1105 711 1187 773; x_wconf 90' lang='lat' dir='ltr'><strong>idem</strong></span> <span class='ocrx_word' id='word_1_38' title='bbox 1217 711 1398 790; x_wconf 84' lang='lat' dir='ltr'><strong>significare</strong></span> <span class='ocrx_word' id='word_1_39' title='bbox 1424 713 1516 792; x_wconf 91' lang='lat' dir='ltr'><strong>quod</strong></span> 
     </span>
     <span class='ocr_line' id='line_1_5' title="bbox 322 803 521 894; baseline 0.015 -24"><span class='ocrx_word' id='word_1_40' title='bbox 322 811 411 891; x_wconf 88' lang='lat' dir='ltr'><strong>volgo</strong></span> <span class='ocrx_word' id='word_1_41' title='bbox 437 803 521 894; x_wconf 76' lang='grc' dir='ltr'>ὑπέρ.</span> 
     </span>
    </p>
   </div>
   <div class='ocr_carea' id='block_1_3' title="bbox 662 1031 1035 1154">
    <p class='ocr_par' dir='ltr' id='par_1_3' title="bbox 662 1031 1035 1154">
     <span class='ocr_line' id='line_1_6' title="bbox 662 1031 1035 1154; baseline -0.005 -2"><span class='ocrx_word' id='word_1_42' title='bbox 662 1031 665 1042; x_wconf 29' lang='lat'><strong>¹</strong></span> <span class='ocrx_word' id='word_1_43' title='bbox 795 1086 827 1152; x_wconf 74' lang='grc'>2.</span> <span class='ocrx_word' id='word_1_44' title='bbox 857 1086 1035 1154; x_wconf 74' lang='lat' dir='ltr'><strong>Messenia.</strong></span> 
     </span>
    </p>
   </div>
   <div class='ocr_carea' id='block_1_4' title="bbox 323 1227 1518 1326">
    <p class='ocr_par' dir='ltr' id='par_1_4' title="bbox 323 1227 1518 1326">
     <span class='ocr_line' id='line_1_7' title="bbox 323 1227 1518 1326; baseline 0.001 -22"><span class='ocrx_word' id='word_1_45' title='bbox 323 1237 364 1304; x_wconf 93' lang='lat' dir='ltr'>ll</span> <span class='ocrx_word' id='word_1_46' title='bbox 389 1243 422 1304; x_wconf 90' lang='lat' dir='ltr'>iu</span> <span class='ocrx_word' id='word_1_47' title='bbox 447 1242 513 1304; x_wconf 78' lang='lat' dir='ltr'><strong>itasi</strong></span> <span class='ocrx_word' id='word_1_48' title='bbox 537 1259 707 1305; x_wconf 84' lang='lat' dir='ltr'><strong>marmorea</strong></span> <span class='ocrx_word' id='word_1_49' title='bbox 729 1244 916 1324; x_wconf 80' lang='lat' dir='ltr'><strong>triangulata</strong></span> <span class='ocrx_word' id='word_1_50' title='bbox 940 1246 1085 1325; x_wconf 79' lang='lat' dir='ltr'><strong>imaginis</strong></span> <span class='ocrx_word' id='word_1_51' title='bbox 1100 1227 1265 1322; x_wconf 80' lang='lat' dir='ltr'><strong>Victoriae,</strong></span> <span class='ocrx_word' id='word_1_52' title='bbox 1292 1263 1373 1324; x_wconf 90' lang='lat' dir='ltr'><strong>quae</strong></span> <span class='ocrx_word' id='word_1_53' title='bbox 1397 1244 1518 1326; x_wconf 80' lang='lat' dir='ltr'><strong>Olym-</strong></span> 
     </span>
    </p>
   </div>
   <div class='ocr_carea' id='block_1_5' title="bbox 387 1349 1598 1432">
    <p class='ocr_par' dir='ltr' id='par_1_5' title="bbox 387 1349 1598 1432">
     <span class='ocr_line' id='line_1_8' title="bbox 387 1349 1598 1432; baseline 0.004 -26"><span class='ocrx_word' id='word_1_54' title='bbox 387 1349 457 1427; x_wconf 90' lang='lat' dir='ltr'><strong>piae</strong></span> <span class='ocrx_word' id='word_1_55' title='bbox 483 1350 665 1429; x_wconf 89' lang='lat' dir='ltr'><strong>nuperrime</strong></span> <span class='ocrx_word' id='word_1_56' title='bbox 689 1349 800 1409; x_wconf 88' lang='lat' dir='ltr'><strong>effossa</strong></span> <span class='ocrx_word' id='word_1_57' title='bbox 824 1357 882 1409; x_wconf 88' lang='lat' dir='ltr'><strong>cst.</strong></span> <span class='ocrx_word' id='word_1_58' title='bbox 1597 1395 1598 1432; x_wconf 46' lang='grc' dir='ltr'>ρ</span> 
     </span>
    </p>
   </div>
   <div class='ocr_carea' id='block_1_6' title="bbox 394 1481 1541 1932">
    <p class='ocr_par' dir='ltr' id='par_1_6' title="bbox 394 1481 1541 1932">
     <span class='ocr_line' id='line_1_9' title="bbox 1519 1481 1541 1517; baseline 0 0"><span class='ocrx_word' id='word_1_59' title='bbox 1519 1481 1541 1517; x_wconf 64' lang='lat'>0</span> 
     </span>
     <span class='ocr_line' id='line_1_10' title="bbox 429 1531 1076 1600; baseline 0 -3"><span class='ocrx_word' id='word_1_60' title='bbox 429 1532 596 1600; x_wconf 78' lang='grc' dir='ltr'>Μεσσανίοι</span> <span class='ocrx_word' id='word_1_61' title='bbox 617 1531 667 1600; x_wconf 78' lang='grc' dir='ltr'>καὶ</span> <span class='ocrx_word' id='word_1_62' title='bbox 690 1533 877 1600; x_wconf 86' lang='grc' dir='ltr'>Ναοποικτίοι</span> <span class='ocrx_word' id='word_1_63' title='bbox 900 1531 1006 1600; x_wconf 76' lang='grc' dir='ltr'>ἀνέθεν</span> <span class='ocrx_word' id='word_1_64' title='bbox 1030 1532 1076 1598; x_wconf 78' lang='grc' dir='ltr'>Διὶ</span> 
     </span>
     <span class='ocr_line' id='line_1_11' title="bbox 426 1633 1154 1726; baseline -0.003 -24"><span class='ocrx_word' id='word_1_65' title='bbox 426 1633 579 1726; x_wconf 78' lang='grc' dir='ltr'>Ὀλυμπίῳ</span> <span class='ocrx_word' id='word_1_66' title='bbox 601 1634 727 1704; x_wconf 75' lang='grc' dir='ltr'>δεκάταν</span> <span class='ocrx_word' id='word_1_67' title='bbox 750 1635 809 1703; x_wconf 78' lang='grc' dir='ltr'>ἀπὸ</span> <span class='ocrx_word' id='word_1_68' title='bbox 831 1637 1053 1723; x_wconf 72' lang='grc' dir='ltr'>τῶριτολεμὶων.</span> <span class='ocrx_word' id='word_1_69' title='bbox 1149 1676 1154 1685; x_wconf 74' lang='lat'>=</span> 
     </span>
     <span class='ocr_line' id='line_1_12' title="bbox 394 1739 958 1831; baseline -0.002 -25"><span class='ocrx_word' id='word_1_70' title='bbox 394 1827 397 1831; x_wconf 17' lang='grc' dir='ltr'>ι</span> <span class='ocrx_word' id='word_1_71' title='bbox 480 1739 640 1825; x_wconf 71' lang='grc' dir='ltr'>(Παιώνιος</span> <span class='ocrx_word' id='word_1_72' title='bbox 662 1741 783 1827; x_wconf 82' lang='grc' dir='ltr'>ἐποίησε</span> <span class='ocrx_word' id='word_1_73' title='bbox 807 1740 958 1814; x_wconf 83' lang='grc' dir='ltr'>Μενδαῖος</span> 
     </span>
     <span class='ocr_line' id='line_1_13' title="bbox 475 1840 1213 1932; baseline 0.001 -24"><span class='ocrx_word' id='word_1_74' title='bbox 475 1843 527 1910; x_wconf 78' lang='grc' dir='ltr'>καὶ</span> <span class='ocrx_word' id='word_1_75' title='bbox 548 1840 738 1932; x_wconf 71' lang='grc' dir='ltr'>τάκροατήρια</span> <span class='ocrx_word' id='word_1_76' title='bbox 759 1851 849 1910; x_wconf 83' lang='grc' dir='ltr'>ποιῶν</span> <span class='ocrx_word' id='word_1_77' title='bbox 872 1843 921 1910; x_wconf 79' lang='grc' dir='ltr'>ἐπὶ</span> <span class='ocrx_word' id='word_1_78' title='bbox 942 1842 1084 1910; x_wconf 78' lang='grc' dir='ltr'>τὸν-ναὸν</span> <span class='ocrx_word' id='word_1_79' title='bbox 1107 1844 1213 1929; x_wconf 81' lang='grc' dir='ltr'>ἐνίκα.)</span> 
     </span>
    </p>
   </div>
   <div class='ocr_carea' id='block_1_7' title="bbox 322 2034 1515 2426">
    <p class='ocr_par' dir='ltr' id='par_1_7' title="bbox 322 2034 1515 2426">
     <span class='ocr_line' id='line_1_14' title="bbox 322 2034 1510 2120; baseline -0.003 -20"><span class='ocrx_word' id='word_1_80' title='bbox 322 2037 380 2100; x_wconf 82' lang='lat' dir='ltr'>ud.</span> <span class='ocrx_word' id='word_1_81' title='bbox 396 2039 432 2098; x_wconf 88' lang='lat' dir='ltr'>E.</span> <span class='ocrx_word' id='word_1_82' title='bbox 444 2036 579 2115; x_wconf 81' lang='lat' dir='ltr'><strong>Cuurtus,</strong></span> <span class='ocrx_word' id='word_1_83' title='bbox 605 2034 869 2119; x_wconf 71' lang='grc' dir='ltr'>ιΑτολιοοίοριοαλα</span> <span class='ocrx_word' id='word_1_84' title='bbox 891 2037 1029 2120; x_wconf 79' lang='lat' dir='ltr'><strong>Zeitoop&#39;</strong></span> <span class='ocrx_word' id='word_1_85' title='bbox 1042 2038 1165 2099; x_wconf 87' lang='lat' dir='ltr'>XXXlll</span> <span class='ocrx_word' id='word_1_86' title='bbox 1185 2036 1288 2118; x_wconf 72' lang='lat' dir='ltr'><strong>(tato)</strong></span> <span class='ocrx_word' id='word_1_87' title='bbox 1302 2057 1334 2117; x_wconf 86' lang='lat' dir='ltr'>p.</span> <span class='ocrx_word' id='word_1_88' title='bbox 1349 2035 1510 2116; x_wconf 80' lang='lat' dir='ltr'><strong>i78sqq.,</strong></span> 
     </span>
     <span class='ocr_line' id='line_1_15' title="bbox 324 2139 1514 2221; baseline -0.001 -19"><span class='ocrx_word' id='word_1_89' title='bbox 324 2141 379 2220; x_wconf 93' lang='lat' dir='ltr'>qui</span> <span class='ocrx_word' id='word_1_90' title='bbox 401 2139 450 2202; x_wconf 91' lang='lat' dir='ltr'>Ol.</span> <span class='ocrx_word' id='word_1_91' title='bbox 476 2141 533 2218; x_wconf 86' lang='lat'>88,</span> <span class='ocrx_word' id='word_1_92' title='bbox 561 2142 578 2200; x_wconf 81' lang='lat' dir='ltr'><strong>i</strong></span> <span class='ocrx_word' id='word_1_93' title='bbox 607 2139 659 2221; x_wconf 83' lang='lat'>(=</span> <span class='ocrx_word' id='word_1_94' title='bbox 682 2140 743 2201; x_wconf 68' lang='lat'>425</span> <span class='ocrx_word' id='word_1_95' title='bbox 760 2159 796 2206; x_wconf 89' lang='lat' dir='ltr'><strong>a.</strong></span> <span class='ocrx_word' id='word_1_96' title='bbox 817 2140 902 2219; x_wconf 82' lang='lat' dir='ltr'><strong>Chr.)</strong></span> <span class='ocrx_word' id='word_1_97' title='bbox 935 2151 966 2202; x_wconf 94' lang='lat' dir='ltr'>et</span> <span class='ocrx_word' id='word_1_98' title='bbox 995 2142 1079 2203; x_wconf 91' lang='lat' dir='ltr'><strong>iliam</strong></span> <span class='ocrx_word' id='word_1_99' title='bbox 1105 2141 1273 2221; x_wconf 79' lang='lat' dir='ltr'><strong>imaginem</strong></span> <span class='ocrx_word' id='word_1_100' title='bbox 1297 2149 1329 2201; x_wconf 92' lang='lat' dir='ltr'>et</span> <span class='ocrx_word' id='word_1_101' title='bbox 1350 2141 1433 2200; x_wconf 91' lang='lat' dir='ltr'><strong>hanc</strong></span> <span class='ocrx_word' id='word_1_102' title='bbox 1460 2143 1514 2202; x_wconf 92' lang='lat' dir='ltr'>in·</span> 
     </span>
     <span class='ocr_line' id='line_1_16' title="bbox 324 2241 1515 2326; baseline 0.001 -22"><span class='ocrx_word' id='word_1_103' title='bbox 324 2244 528 2326; x_wconf 86' lang='lat' dir='ltr'><strong>scriptionem</strong></span> <span class='ocrx_word' id='word_1_104' title='bbox 557 2241 729 2304; x_wconf 85' lang='lat' dir='ltr'><strong>confectam</strong></span> <span class='ocrx_word' id='word_1_105' title='bbox 759 2257 827 2304; x_wconf 87' lang='lat' dir='ltr'><strong>esse</strong></span> <span class='ocrx_word' id='word_1_106' title='bbox 858 2253 959 2323; x_wconf 93' lang='lat' dir='ltr'><strong>putat.</strong></span> <span class='ocrx_word' id='word_1_107' title='bbox 1007 2245 1135 2312; x_wconf 85' lang='lat' dir='ltr'><strong>tertium</strong></span> <span class='ocrx_word' id='word_1_108' title='bbox 1165 2252 1198 2306; x_wconf 90' lang='lat' dir='ltr'>et</span> <span class='ocrx_word' id='word_1_109' title='bbox 1223 2252 1371 2322; x_wconf 88' lang='lat' dir='ltr'><strong>quartum</strong></span> <span class='ocrx_word' id='word_1_110' title='bbox 1394 2262 1515 2306; x_wconf 86' lang='lat' dir='ltr'><strong>versus</strong></span> 
     </span>
     <span class='ocr_line' id='line_1_17' title="bbox 322 2344 1510 2426; baseline -0.001 -18"><span class='ocrx_word' id='word_1_111' title='bbox 322 2348 413 2408; x_wconf 88' lang='lat' dir='ltr'><strong>uncis</strong></span> <span class='ocrx_word' id='word_1_112' title='bbox 428 2346 551 2424; x_wconf 89' lang='lat' dir='ltr'><strong>inclusi,</strong></span> <span class='ocrx_word' id='word_1_113' title='bbox 569 2347 644 2426; x_wconf 92' lang='lat' dir='ltr'><strong>quia</strong></span> <span class='ocrx_word' id='word_1_114' title='bbox 656 2345 826 2407; x_wconf 79' lang='lat' dir='ltr'><strong>dialectum</strong></span> <span class='ocrx_word' id='word_1_115' title='bbox 846 2366 908 2407; x_wconf 94' lang='lat' dir='ltr'>non</span> <span class='ocrx_word' id='word_1_116' title='bbox 920 2349 1104 2410; x_wconf 88' lang='lat' dir='ltr'><strong>Messeniam</strong></span> <span class='ocrx_word' id='word_1_117' title='bbox 1122 2346 1179 2409; x_wconf 89' lang='lat' dir='ltr'>sed</span> <span class='ocrx_word' id='word_1_118' title='bbox 1190 2344 1328 2418; x_wconf 78' lang='lat' dir='ltr'><strong>Atticam</strong></span> <span class='ocrx_word' id='word_1_119' title='bbox 1336 2345 1510 2426; x_wconf 84' lang='lat' dir='ltr'><strong>praebent.</strong></span> 
     </span>
    </p>
   </div>
   <div class='ocr_carea' id='block_1_8' title="bbox 326 2582 1599 2772">
    <p class='ocr_par' dir='ltr' id='par_1_8' title="bbox 326 2582 1599 2772">
     <span class='ocr_line' id='line_1_18' title="bbox 326 2582 1599 2670; baseline -0.002 -21"><span class='ocrx_word' id='word_1_120' title='bbox 326 2582 368 2650; x_wconf 74' lang='lat' dir='ltr'><strong>la</strong></span> <span class='ocrx_word' id='word_1_121' title='bbox 392 2586 508 2649; x_wconf 89' lang='lat' dir='ltr'><strong>Tabula</strong></span> <span class='ocrx_word' id='word_1_122' title='bbox 537 2607 565 2649; x_wconf 93' lang='lat' dir='ltr'><strong>a.</strong></span> <span class='ocrx_word' id='word_1_123' title='bbox 593 2587 674 2647; x_wconf 75' lang='lat' dir='ltr'><strong>tate</strong></span> <span class='ocrx_word' id='word_1_124' title='bbox 700 2586 856 2668; x_wconf 89' lang='lat' dir='ltr'><strong>Phigaliae</strong></span> <span class='ocrx_word' id='word_1_125' title='bbox 885 2586 979 2668; x_wconf 83' lang='lat' dir='ltr'><strong>(nunc</strong></span> <span class='ocrx_word' id='word_1_126' title='bbox 1002 2587 1166 2670; x_wconf 88' lang='lat' dir='ltr'><strong>Pauiitzae)</strong></span> <span class='ocrx_word' id='word_1_127' title='bbox 1195 2596 1338 2667; x_wconf 84' lang='lat' dir='ltr'><strong>reperta,</strong></span> <span class='ocrx_word' id='word_1_128' title='bbox 1373 2587 1404 2647; x_wconf 93' lang='lat' dir='ltr'>in</span> <span class='ocrx_word' id='word_1_129' title='bbox 1429 2583 1513 2648; x_wconf 91' lang='lat' dir='ltr'><strong>duas</strong></span> <span class='ocrx_word' id='word_1_130' title='bbox 1598 2647 1599 2662; x_wconf 22' lang='lat'>¹</span> 
     </span>
     <span class='ocr_line' id='line_1_19' title="bbox 387 2690 670 2772; baseline -0.007 -20"><span class='ocrx_word' id='word_1_131' title='bbox 387 2700 494 2772; x_wconf 89' lang='lat' dir='ltr'><strong>partes</strong></span> <span class='ocrx_word' id='word_1_132' title='bbox 517 2690 670 2752; x_wconf 82' lang='lat' dir='ltr'><strong>diffracta.</strong></span> 
     </span>
    </p>
   </div>
   <div class='ocr_carea' id='block_1_9' title="bbox 339 2874 1423 4512">
    <p class='ocr_par' dir='ltr' id='par_1_9' title="bbox 384 2874 1423 4204">
     <span class='ocr_line' id='line_1_20' title="bbox 429 2874 1420 2965; baseline -0.001 -23"><span class='ocrx_word' id='word_1_133' title='bbox 429 2874 561 2964; x_wconf 71' lang='grc' dir='ltr'>ΓΕπειδή</span> <span class='ocrx_word' id='word_1_134' title='bbox 632 2879 876 2965; x_wconf 78' lang='grc' dir='ltr'>παραγενομένο]ι</span> <span class='ocrx_word' id='word_1_135' title='bbox 946 2874 1124 2964; x_wconf 76' lang='grc' dir='ltr'>πρεσβευταὶ</span> <span class='ocrx_word' id='word_1_136' title='bbox 1195 2874 1246 2942; x_wconf 83' lang='grc' dir='ltr'>καλ</span> <span class='ocrx_word' id='word_1_137' title='bbox 1311 2879 1420 2941; x_wconf 81' lang='grc' dir='ltr'>διαλο-</span> 
     </span>
     <span class='ocr_line' id='line_1_21' title="bbox 430 2977 1420 3068; baseline -0.003 -22"><span class='ocrx_word' id='word_1_138' title='bbox 430 2979 485 3064; x_wconf 76' lang='grc' dir='ltr'>[ταλ</span> <span class='ocrx_word' id='word_1_139' title='bbox 529 2984 557 3046; x_wconf 84' lang='grc' dir='ltr'>οἱ</span> <span class='ocrx_word' id='word_1_140' title='bbox 600 2978 683 3068; x_wconf 84' lang='grc' dir='ltr'>παρὰ</span> <span class='ocrx_word' id='word_1_141' title='bbox 733 2987 788 3046; x_wconf 81' lang='grc' dir='ltr'>τῶν</span> <span class='ocrx_word' id='word_1_142' title='bbox 833 2979 981 3064; x_wconf 62' lang='grc' dir='ltr'>Αἰτωλλῶν</span> <span class='ocrx_word' id='word_1_143' title='bbox 1026 2979 1168 3067; x_wconf 81' lang='grc' dir='ltr'>Τίμαιος,</span> <span class='ocrx_word' id='word_1_144' title='bbox 1223 2977 1420 3066; x_wconf 86' lang='grc' dir='ltr'>Κλεόπατρο-</span> 
     </span>
     <span class='ocr_line' id='line_1_22' title="bbox 429 3080 1421 3172; baseline -0.004 -22"><span class='ocrx_word' id='word_1_145' title='bbox 429 3088 451 3168; x_wconf 83' lang='grc' dir='ltr'>[ς</span> <span class='ocrx_word' id='word_1_146' title='bbox 488 3080 607 3172; x_wconf 83' lang='grc' dir='ltr'>ἐχόντες</span> <span class='ocrx_word' id='word_1_147' title='bbox 648 3080 681 3150; x_wconf 86' lang='grc' dir='ltr'>τὸ</span> <span class='ocrx_word' id='word_1_148' title='bbox 718 3081 863 3172; x_wconf 80' lang='grc' dir='ltr'>ψάφιο]μα</span> <span class='ocrx_word' id='word_1_149' title='bbox 900 3081 932 3150; x_wconf 82' lang='grc' dir='ltr'>τὸ</span> <span class='ocrx_word' id='word_1_150' title='bbox 969 3080 1052 3171; x_wconf 84' lang='grc' dir='ltr'>παρὰ</span> <span class='ocrx_word' id='word_1_151' title='bbox 1087 3089 1143 3148; x_wconf 84' lang='grc' dir='ltr'>τῶν</span> <span class='ocrx_word' id='word_1_152' title='bbox 1181 3082 1321 3148; x_wconf 79' lang='grc' dir='ltr'>Αἰτωλῶν</span> <span class='ocrx_word' id='word_1_153' title='bbox 1359 3080 1421 3148; x_wconf 82' lang='grc' dir='ltr'>ἀπ-</span> 
     </span>
     <span class='ocr_line' id='line_1_23' title="bbox 429 3182 1421 3276; baseline -0.003 -23"><span class='ocrx_word' id='word_1_154' title='bbox 429 3184 555 3273; x_wconf 82' lang='grc' dir='ltr'>[οδόντες</span> <span class='ocrx_word' id='word_1_155' title='bbox 597 3185 629 3253; x_wconf 83' lang='grc' dir='ltr'>τὸ</span> <span class='ocrx_word' id='word_1_156' title='bbox 675 3185 822 3276; x_wconf 82' lang='grc' dir='ltr'>ψάριομα]</span> <span class='ocrx_word' id='word_1_157' title='bbox 864 3189 1032 3274; x_wconf 75' lang='grc' dir='ltr'>διελέγοντο</span> <span class='ocrx_word' id='word_1_158' title='bbox 1076 3182 1168 3272; x_wconf 79' lang='grc' dir='ltr'>ὅμοιοι</span> <span class='ocrx_word' id='word_1_159' title='bbox 1211 3188 1272 3260; x_wconf 87' lang='grc' dir='ltr'>τοῖς</span> <span class='ocrx_word' id='word_1_160' title='bbox 1316 3188 1348 3251; x_wconf 84' lang='grc' dir='ltr'>ἐν</span> <span class='ocrx_word' id='word_1_161' title='bbox 1383 3211 1421 3250; x_wconf 88' lang='grc' dir='ltr'>τ-</span> 
     </span>
     <span class='ocr_line' id='line_1_24' title="bbox 391 3285 1420 3379; baseline 0.002 -27"><span class='ocrx_word' id='word_1_162' title='bbox 391 3293 461 3378; x_wconf 66' lang='lat' dir='ltr'>opp</span> <span class='ocrx_word' id='word_1_163' title='bbox 526 3292 693 3379; x_wconf 79' lang='grc' dir='ltr'>ψαφίσματι</span> <span class='ocrx_word' id='word_1_164' title='bbox 765 3287 906 3375; x_wconf 65' lang='grc' dir='ltr'>ἀλξιώντες</span> <span class='ocrx_word' id='word_1_165' title='bbox 977 3293 1163 3377; x_wconf 74' lang='grc' dir='ltr'>διαλολλῆμεν</span> <span class='ocrx_word' id='word_1_166' title='bbox 1230 3287 1295 3355; x_wconf 75' lang='lat' dir='ltr'><strong>uoci</strong></span> <span class='ocrx_word' id='word_1_167' title='bbox 1359 3285 1420 3354; x_wconf 73' lang='grc' dir='ltr'>τῶ-</span> 
     </span>
     <span class='ocr_line' id='line_1_25' title="bbox 432 3391 1423 3480; baseline -0.002 -22"><span class='ocrx_word' id='word_1_168' title='bbox 432 3395 454 3478; x_wconf 85' lang='grc' dir='ltr'>[ς</span> <span class='ocrx_word' id='word_1_169' title='bbox 498 3394 632 3467; x_wconf 64' lang='lat' dir='ltr'><strong>oratio:</strong></span> <span class='ocrx_word' id='word_1_170' title='bbox 643 3445 652 3473; x_wconf 91' lang='lat'><em>‚</em></span> <span class='ocrx_word' id='word_1_171' title='bbox 705 3391 906 3480; x_wconf 81' lang='grc' dir='ltr'>ουνπ]αιρο’ντες</span> <span class='ocrx_word' id='word_1_172' title='bbox 950 3393 983 3458; x_wconf 80' lang='grc' dir='ltr'>δὲ</span> <span class='ocrx_word' id='word_1_173' title='bbox 1026 3394 1078 3460; x_wconf 85' lang='grc' dir='ltr'>καὶ</span> <span class='ocrx_word' id='word_1_174' title='bbox 1119 3400 1176 3459; x_wconf 83' lang='grc' dir='ltr'>τῶν</span> <span class='ocrx_word' id='word_1_175' title='bbox 1220 3395 1235 3457; x_wconf 83' lang='grc' dir='ltr'>ἐ</span> <span class='ocrx_word' id='word_1_176' title='bbox 1279 3393 1423 3464; x_wconf 83' lang='grc' dir='ltr'>Φιαλείας</span> 
     </span>
     <span class='ocr_line' id='line_1_26' title="bbox 436 3493 1421 3585; baseline -0.001 -25"><span class='ocrx_word' id='word_1_177' title='bbox 436 3545 546 3560; x_wconf 89' lang='grc'><strong>......</strong></span> <span class='ocrx_word' id='word_1_178' title='bbox 561 3539 757 3574; x_wconf 50' lang='grc' dir='ltr'><strong>«ΜΗ...</strong></span> <span class='ocrx_word' id='word_1_179' title='bbox 790 3495 977 3583; x_wconf 80' lang='grc' dir='ltr'>Θοιροκίδοις,</span> <span class='ocrx_word' id='word_1_180' title='bbox 1018 3493 1234 3585; x_wconf 84' lang='grc' dir='ltr'>Ὀνόμανδρος,</span> <span class='ocrx_word' id='word_1_181' title='bbox 1270 3493 1421 3583; x_wconf 78' lang='grc' dir='ltr'>Ἀμφίμα-</span> 
     </span>
     <span class='ocr_line' id='line_1_27' title="bbox 430 3597 1421 3688; baseline 0 -22"><span class='ocrx_word' id='word_1_182' title='bbox 430 3603 500 3687; x_wconf 76' lang='grc' dir='ltr'>[χος]</span> <span class='ocrx_word' id='word_1_183' title='bbox 517 3649 772 3665; x_wconf 89' lang='grc'><strong>.............</strong></span> <span class='ocrx_word' id='word_1_184' title='bbox 796 3605 862 3680; x_wconf 86' lang='grc' dir='ltr'>λος,</span> <span class='ocrx_word' id='word_1_185' title='bbox 888 3597 1097 3687; x_wconf 73' lang='grc' dir='ltr'>Ὀρλλολοῖδας,</span> <span class='ocrx_word' id='word_1_186' title='bbox 1121 3598 1344 3688; x_wconf 71' lang='grc' dir='ltr'>Κραταιμένης,</span> <span class='ocrx_word' id='word_1_187' title='bbox 1364 3597 1421 3663; x_wconf 87' lang='grc' dir='ltr'>Τι-</span> 
     </span>
     <span class='ocr_line' id='line_1_28' title="bbox 437 3699 1422 3790; baseline 0.001 -24"><span class='ocrx_word' id='word_1_188' title='bbox 437 3751 649 3768; x_wconf 88' lang='grc'><strong>...........</strong></span> <span class='ocrx_word' id='word_1_189' title='bbox 687 3699 873 3790; x_wconf 67' lang='grc' dir='ltr'>[Δλαμάρετος</span> <span class='ocrx_word' id='word_1_190' title='bbox 916 3702 953 3770; x_wconf 82' lang='grc' dir='ltr'>τὰ</span> <span class='ocrx_word' id='word_1_191' title='bbox 997 3700 1073 3771; x_wconf 77' lang='grc' dir='ltr'>αὐτὰ</span> <span class='ocrx_word' id='word_1_192' title='bbox 1116 3700 1227 3790; x_wconf 63' lang='grc' dir='ltr'>ἠξίων,</span> <span class='ocrx_word' id='word_1_193' title='bbox 1268 3702 1351 3775; x_wconf 76' lang='grc' dir='ltr'>ἔδοξε</span> <span class='ocrx_word' id='word_1_194' title='bbox 1386 3706 1422 3788; x_wconf 75' lang='grc' dir='ltr'>τᾷ</span> 
     </span>
     <span class='ocr_line' id='line_1_29' title="bbox 384 3800 1422 3892; baseline 0.003 -25"><span class='ocrx_word' id='word_1_195' title='bbox 384 3819 415 3868; x_wconf 85' lang='lat'>10</span> <span class='ocrx_word' id='word_1_196' title='bbox 436 3802 512 3890; x_wconf 83' lang='grc' dir='ltr'>[πόλι</span> <span class='ocrx_word' id='word_1_197' title='bbox 555 3809 610 3870; x_wconf 80' lang='grc' dir='ltr'>τῶν</span> <span class='ocrx_word' id='word_1_198' title='bbox 656 3805 840 3888; x_wconf 58' lang='lat' dir='ltr'><strong>Miaccum,</strong></span> <span class='ocrx_word' id='word_1_199' title='bbox 907 3800 982 3892; x_wconf 77' lang='grc' dir='ltr'>ἦμεν</span> <span class='ocrx_word' id='word_1_200' title='bbox 1032 3809 1092 3880; x_wconf 84' lang='grc' dir='ltr'>τοῖς</span> <span class='ocrx_word' id='word_1_201' title='bbox 1137 3805 1319 3879; x_wconf 76' lang='grc' dir='ltr'>Μεσοανίοις</span> <span class='ocrx_word' id='word_1_202' title='bbox 1361 3831 1422 3870; x_wconf 90' lang='grc' dir='ltr'>κα-</span> 
     </span>
     <span class='ocr_line' id='line_1_30' title="bbox 433 3905 1422 3996; baseline 0.005 -25"><span class='ocrx_word' id='word_1_203' title='bbox 433 3905 450 3991; x_wconf 80' lang='grc' dir='ltr'>[ὶ</span> <span class='ocrx_word' id='word_1_204' title='bbox 514 3911 574 3981; x_wconf 83' lang='grc' dir='ltr'>τοῖς</span> <span class='ocrx_word' id='word_1_205' title='bbox 646 3910 794 3991; x_wconf 84' lang='grc' dir='ltr'>Φια]λέοις</span> <span class='ocrx_word' id='word_1_206' title='bbox 870 3910 1065 3975; x_wconf 80' lang='grc' dir='ltr'>ἰσοπολιτείαν</span> <span class='ocrx_word' id='word_1_207' title='bbox 1135 3911 1186 3974; x_wconf 85' lang='grc' dir='ltr'>καὶ</span> <span class='ocrx_word' id='word_1_208' title='bbox 1258 3909 1422 3996; x_wconf 83' lang='grc' dir='ltr'>ἐπιγαμία-</span> 
     </span>
     <span class='ocr_line' id='line_1_31' title="bbox 434 4007 1422 4099; baseline 0.003 -23"><span class='ocrx_word' id='word_1_209' title='bbox 434 4014 456 4097; x_wconf 83' lang='grc' dir='ltr'>[ν</span> <span class='ocrx_word' id='word_1_210' title='bbox 492 4007 557 4076; x_wconf 86' lang='grc' dir='ltr'>ποτ’</span> <span class='ocrx_word' id='word_1_211' title='bbox 605 4008 761 4096; x_wconf 67' lang='grc' dir='ltr'>ἀλλλάλοις,</span> <span class='ocrx_word' id='word_1_212' title='bbox 807 4009 994 4099; x_wconf 77' lang='grc' dir='ltr'>ποιήσασθαι</span> <span class='ocrx_word' id='word_1_213' title='bbox 1039 4013 1072 4078; x_wconf 83' lang='grc' dir='ltr'>δὲ</span> <span class='ocrx_word' id='word_1_214' title='bbox 1108 4012 1158 4078; x_wconf 80' lang='grc' dir='ltr'>καὶ</span> <span class='ocrx_word' id='word_1_215' title='bbox 1194 4010 1345 4099; x_wconf 80' lang='grc' dir='ltr'>οομβολὰν</span> <span class='ocrx_word' id='word_1_216' title='bbox 1382 4007 1422 4081; x_wconf 74' lang='grc' dir='ltr'>ἅ,-</span> 
     </span>
     <span class='ocr_line' id='line_1_32' title="bbox 436 4109 1423 4204; baseline 0.004 -26"><span class='ocrx_word' id='word_1_217' title='bbox 436 4117 459 4198; x_wconf 81' lang='grc' dir='ltr'>[ν</span> <span class='ocrx_word' id='word_1_218' title='bbox 496 4139 535 4179; x_wconf 89' lang='grc' dir='ltr'>κα</span> <span class='ocrx_word' id='word_1_219' title='bbox 581 4116 669 4198; x_wconf 75' lang='grc' dir='ltr'>δοκεῖ]</span> <span class='ocrx_word' id='word_1_220' title='bbox 712 4111 888 4204; x_wconf 82' lang='grc' dir='ltr'>αἰνφοτέραις</span> <span class='ocrx_word' id='word_1_221' title='bbox 932 4109 996 4189; x_wconf 75' lang='grc' dir='ltr'>τλῖς</span> <span class='ocrx_word' id='word_1_222' title='bbox 1038 4119 1177 4195; x_wconf 82' lang='grc' dir='ltr'>πολέοις,</span> <span class='ocrx_word' id='word_1_223' title='bbox 1222 4112 1274 4182; x_wconf 79' lang='grc' dir='ltr'>τὰν</span> <span class='ocrx_word' id='word_1_224' title='bbox 1313 4116 1346 4182; x_wconf 81' lang='grc' dir='ltr'>δὲ</span> <span class='ocrx_word' id='word_1_225' title='bbox 1381 4141 1423 4204; x_wconf 89' lang='grc' dir='ltr'>χ-</span> 
     </span>
    </p>

    <p class='ocr_par' dir='ltr' id='par_1_10' title="bbox 339 4213 1423 4512">
     <span class='ocr_line' id='line_1_33' title="bbox 339 4213 1423 4306; baseline 0.001 -26"><span class='ocrx_word' id='word_1_226' title='bbox 339 4282 345 4292; x_wconf 67' lang='grc'><em>,</em></span> <span class='ocrx_word' id='word_1_227' title='bbox 435 4213 522 4304; x_wconf 73' lang='grc' dir='ltr'>[ὥραν</span> <span class='ocrx_word' id='word_1_228' title='bbox 591 4218 794 4303; x_wconf 66' lang='grc' dir='ltr'>καρπλίζεοθαι</span> <span class='ocrx_word' id='word_1_229' title='bbox 853 4220 1001 4306; x_wconf 81' lang='grc' dir='ltr'>ἑκατέρως</span> <span class='ocrx_word' id='word_1_230' title='bbox 1058 4215 1113 4292; x_wconf 85' lang='grc' dir='ltr'>τώς</span> <span class='ocrx_word' id='word_1_231' title='bbox 1171 4245 1203 4284; x_wconf 87' lang='grc' dir='ltr'>τε</span> <span class='ocrx_word' id='word_1_232' title='bbox 1261 4218 1423 4284; x_wconf 67' lang='lat' dir='ltr'><strong>Maeotiu-</strong></span> 
     </span>
     <span class='ocr_line' id='line_1_34' title="bbox 385 4316 1419 4409; baseline 0.002 -27"><span class='ocrx_word' id='word_1_233' title='bbox 385 4333 415 4382; x_wconf 79' lang='lat'>15</span> <span class='ocrx_word' id='word_1_234' title='bbox 437 4323 459 4403; x_wconf 84' lang='grc' dir='ltr'>[ς</span> <span class='ocrx_word' id='word_1_235' title='bbox 502 4318 553 4386; x_wconf 84' lang='grc' dir='ltr'>καὶ</span> <span class='ocrx_word' id='word_1_236' title='bbox 584 4316 651 4394; x_wconf 73' lang='grc' dir='ltr'>’τὼς</span> <span class='ocrx_word' id='word_1_237' title='bbox 694 4323 849 4405; x_wconf 67' lang='grc' dir='ltr'>Φιλαλέας,</span> <span class='ocrx_word' id='word_1_238' title='bbox 895 4320 996 4396; x_wconf 76' lang='grc' dir='ltr'>καθὼς</span> <span class='ocrx_word' id='word_1_239' title='bbox 1031 4320 1082 4388; x_wconf 87' lang='grc' dir='ltr'>καὶ</span> <span class='ocrx_word' id='word_1_240' title='bbox 1117 4328 1166 4388; x_wconf 76' lang='grc' dir='ltr'>νῦν</span> <span class='ocrx_word' id='word_1_241' title='bbox 1203 4319 1419 4409; x_wconf 76' lang='grc' dir='ltr'>καρπιζὸμεθα.</span> 
     </span>
     <span class='ocr_line' id='line_1_35' title="bbox 435 4416 1423 4512; baseline 0.002 -24"><span class='ocrx_word' id='word_1_242' title='bbox 435 4416 462 4507; x_wconf 71' lang='grc' dir='ltr'>[ἃ</span> <span class='ocrx_word' id='word_1_243' title='bbox 496 4425 528 4488; x_wconf 82' lang='grc' dir='ltr'>δέ</span> <span class='ocrx_word' id='word_1_244' title='bbox 561 4449 601 4488; x_wconf 83' lang='grc' dir='ltr'>κα</span> <span class='ocrx_word' id='word_1_245' title='bbox 639 4424 745 4508; x_wconf 64' lang='lat' dir='ltr'><strong>tinctio</strong></span> <span class='ocrx_word' id='word_1_246' title='bbox 781 4422 1015 4512; x_wconf 75' lang='grc' dir='ltr'>ὁμολογήσωμεν</span> <span class='ocrx_word' id='word_1_247' title='bbox 1047 4422 1112 4491; x_wconf 87' lang='grc' dir='ltr'>ποτ’</span> <span class='ocrx_word' id='word_1_248' title='bbox 1150 4421 1305 4505; x_wconf 81' lang='grc' dir='ltr'>ἀλλάλοις,</span> <span class='ocrx_word' id='word_1_249' title='bbox 1345 4422 1423 4510; x_wconf 80' lang='grc' dir='ltr'>ὀρό-</span> 
     </span>
    </p>
   </div>
   <div class='ocr_carea' id='block_1_10' title="bbox 0 0 1633 5198">
    <p class='ocr_par' dir='ltr' id='par_1_11' title="bbox 0 0 1633 5198">
     <span class='ocr_line' id='line_1_36' title="bbox 0 0 1633 5198; baseline 0 0"><span class='ocrx_word' id='word_1_250' title='bbox 0 0 1633 5198; x_wconf 95' lang='lat' dir='ltr'> </span> 
     </span>
    </p>
   </div>
  </div>
 </body>
</html>
