3178 5188
732 300 752 350 1.
779 299 973 364 inscriptiones
985 299 1109 350 Doricae.
1458 298 1488 361 [st

332 504 407 566 ierri
431 523 492 566 non
516 506 673 584 potuerit,
699 521 889 584 quamquam
914 503 970 564 hos
993 521 1119 583 quoquc
1142 522 1205 565 non
1228 502 1370 583 indigeni
1392 523 1491 566 sermc

334 609 384 670 nis
407 617 607 668 monumenta
631 606 787 687 praebere
810 628 868 689 per
890 626 924 669 se
946 615 1043 687 patet.
1071 616 1102 668 ct
1118 625 1196 686 quos
1211 608 1245 667 in
1261 607 1327 686 ipsc
1343 605 1404 668 fine
1418 610 1493 668 totius
1550 599 1551 616 ¹

332 712 426 774 huius
456 711 565 772 classis
593 710 700 790 posui,
737 709 820 772 tituli
848 708 1036 772 Acarnanici
1059 710 1189 771 fortasse
1218 709 1337 772 rectius
1356 728 1418 772 una
1438 730 1493 772 cum

333 813 517 895 Corcyraeis
555 813 639 874 inter
675 822 877 876 monumenta
913 813 1069 874 sermonis
1106 811 1339 874 Corinthiorum
1377 812 1494 892 ponendi
1551 860 1552 904 ξ

332 916 429 979 fuisse
451 916 612 978 videntur.
638 935 710 978 nam
734 925 766 978 ct
787 935 848 997 per
869 936 904 979 se
926 917 994 978 veri
1019 915 1121 977 simile
1145 925 1194 977 est
1212 914 1346 978 Graecos
1368 916 1402 976 in
1415 913 1494 976 Acar-

332 1021 425 1081 nania
450 1019 629 1082 habitantes
652 1019 793 1083 eiusdem
817 1020 950 1100 originis
973 1019 1070 1081 fuisse
1086 1028 1181 1099 atque
1204 1020 1322 1080 incolas
1339 1019 1495 1080 insularum

331 1125 548 1204 oppositarum
576 1135 608 1187 et
638 1125 733 1185 etiam
761 1125 861 1203 magis
889 1123 1043 1205 probatur
1070 1122 1295 1202 similitudine,
1328 1141 1408 1203 qnae
1431 1125 1496 1184 inter

331 1228 512 1290 literaturae
538 1227 623 1309 apud
645 1225 826 1312 Acarnanes
855 1238 886 1290 et
913 1228 998 1308 apud
1022 1226 1199 1289 Corinthios
1226 1236 1393 1308 usurpatas
1416 1227 1497 1288 inter·
1552 1293 1553 1320 ¹

333 1330 418 1393 cedit
445 1330 497 1413 (ci.
522 1330 755 1393 adnotationem
777 1331 818 1393 ad
841 1333 889 1394 tit.
916 1329 982 1409 97).
1018 1341 1049 1392 at
1072 1331 1219 1411 quoniam
1243 1339 1274 1392 et
1301 1331 1332 1391 in
1357 1331 1406 1392 his
1427 1342 1455 1392 et
1473 1333 1497 1391 in

334 1433 433 1496 titulis
458 1434 678 1497 siciliensibus
700 1435 860 1497 luculenta
888 1443 1074 1515 argumenta
1103 1433 1253 1512 deerant,
1285 1442 1405 1496 certum
1426 1433 1498 1495 ordi-

333 1556 407 1599 nem
441 1539 605 1617 regionum
638 1540 776 1600 retinere
812 1558 906 1619 quam
940 1539 1096 1601 incertum
1130 1538 1321 1618 cognationis
1354 1539 1498 1598 civitatum

333 1642 447 1702 sectari
471 1642 577 1703 malui.
613 1661 718 1722 neque
743 1644 826 1703 enim
849 1642 922 1704 huic
943 1641 1050 1703 libello
1073 1641 1106 1702 id
1129 1643 1205 1702 vitio
1228 1640 1334 1702 datum
1352 1641 1395 1701 ivi
1410 1659 1496 1720 spero,

333 1744 418 1824 quod
441 1744 473 1805 in
497 1744 643 1807 omnibus
667 1745 763 1807 rebus
779 1747 924 1808 humanis
941 1747 1141 1827 experimur,
1166 1745 1324 1806 neminem
1347 1745 1429 1806 ultra
1443 1762 1499 1805 cer-

332 1858 381 1910 tos
403 1847 555 1928 quosdam
579 1849 658 1912 fines
681 1852 838 1931 proposito
861 1860 1056 1913 constantem
1079 1869 1147 1912 esse
1169 1869 1273 1930 posse.
