3178 5188
86 353 185 416 -lstl
526 356 630 408 Samus.
656 355 834 422 Amphipolis¹
1001 413 1005 420 ,
1209 357 1269 424 169

84 557 185 620 lectus
215 567 264 620 est
286 557 402 635 Attica;
435 579 535 622 unum
565 561 734 641 vestigium
757 562 884 623 lonismi
914 570 1016 624 exstat
1043 581 1073 623 v.
1093 561 1133 624 28
1163 557 1264 647 ὁμοίη,

85 659 172 740 quod
194 662 226 722 in
249 662 393 724 sollemni
417 662 592 725 elocutione
620 656 764 727 δεδόσθαι
785 661 934 728 πολιτείαν
958 657 1007 727 ἐπ’
1033 659 1084 748 ἴση
1107 663 1159 727 καὶ
1181 659 1268 750 ὁμοίη

84 774 245 828 servatum
269 784 338 828 esse
358 774 603 830 consentaneum
619 775 678 827 est.
718 776 883 847 praeterea
899 766 1112 830 memorabilis
1128 777 1175 830 est
1191 771 1270 832 sori-

85 879 179 947 ptura
203 891 241 931 αο
265 877 296 930 et
318 891 351 932 ειι
375 867 641 952 diphthongorum
663 889 722 950 per
745 893 782 932 αο
806 879 837 932 et
860 893 903 948 εο,
929 889 1010 950 quae
1034 871 1128 946 etiam
1151 890 1222 940 eum
1238 873 1270 932 in

85 972 167 1033 aliis¹
178 972 279 1034 titulis
294 973 422 1052 lonicis,
448 987 584 1051 quorum
607 972 752 1054 exempla
768 974 895 1052 Erman,
927 973 1097 1052 ‘Studien',
1114 975 1186 1054 Vp.
1206 976 1266 1036 294

86 1085 119 1136 et
142 1074 175 1136 C.
202 1074 328 1137 Curtius
350 1075 371 1136 l.
395 1075 417 1134 l.
443 1075 653 1156 collegerunt,
686 1085 753 1138 tum
781 1077 814 1137 in
842 1074 1096 1156 Amphipolitano
1123 1077 1180 1137 ⁴35
1211 1097 1269 1139 re-
1368 1109 1371 1114 Δ

87 1178 219 1257 peritur.
260 1196 385 1239 oausam
408 1177 503 1240 huius
525 1180 701 1259 scripturae
716 1180 871 1241 Ermanus
888 1198 956 1240 eam
972 1198 1041 1240 asse
1056 1188 1157 1259 putat,
1183 1179 1268 1260 quod

87 1279 240 1360 lapicidae
264 1303 297 1342 ειι
320 1279 552 1362 diphthongum
575 1301 615 1342 ex
639 1304 671 1343 το
693 1291 881 1344 contractem
898 1291 929 1344 et
944 1303 978 1344 εο
995 1301 1034 1343 ex
1050 1305 1067 1344 o
1082 1281 1267 1361 productam

88 1381 319 1463 distinguentes
347 1385 535 1445 erraverint.
582 1393 613 1445 at
641 1384 719 1445 haec
741 1385 908 1465 explicatio
931 1386 963 1445 in
987 1407 1024 1447 αο
1047 1404 1104 1465 pro
1128 1409 1166 1449 αυ
1190 1389 1270 1449 scri-

86 1495 157 1566 ptas
186 1505 249 1547 non
280 1485 425 1565 quadrat.
471 1488 579 1565 itaque
608 1489 777 1566 utriusque
808 1488 985 1567 scripturae
1015 1507 1109 1550 eausa
1139 1490 1172 1549 in
1194 1509 1270 1570 pro-

89 1589 284 1651 nuntiatione
308 1608 325 1650 ο
347 1588 463 1650 vocalis
484 1590 585 1669 posita
607 1583 712 1651 ‘luisse
736 1588 877 1669 putanda
900 1598 963 1666 est3
998 1588 1038 1652 cl.
1065 1591 1100 1652 G.
1128 1591 1266 1672 Curtius²

90 1691 311 1774 ‘Grundzt'tpe’
329 1693 341 1734 ³
362 1711 393 1773 p.
421 1691 494 1750 699.
1292 1684 1295 1690 ’

570 2100 604 2166 2.
633 2098 785 2184 Europe.

535 2275 564 2320 a.
596 2262 819 2330 Amphipolis.

88 2392 153 2460 135
179 2397 232 2475 [=
248 2394 342 2475 2008]
369 2394 416 2455 Ex
438 2392 610 2456 ruderibus
631 2392 836 2477 Amphipolis.
877 2397 1010 2457 Borcrn.

183 2591 311 2672 ’Έδοξεν
334 2601 377 2684 τῷ
400 2592 506 2684 δήμῳ·
532 2597 664 2678 Φίίλοινα
686 2596 738 2662 καλ
760 2597 959 2684 Στρατοκλέλα
981 2593 1100 2684 ρεάγειν
1118 2595 1225 2686 Ἀμφί-

153 2715 168 2764 5
189 2702 290 2784 πολιίν]
307 2699 312 2787 Ι
331 2701 474 2766 πολιτέων
498 2695 676 2787 άειφογίίίίην
699 2699 750 2765 καὶ
772 2697 860 2774 αὐτὸς
875 2698 926 2766 καλ
939 2697 989 2774 τὸς
1007 2706 1010 2784 l
1027 2703 1149 2781 παῖδας,
1173 2702 1225 2768 καί

193 2797 238 2889 ἤμ
259 2799 324 2868 ποτ’
353 2799 565 2887 άλίίήσκιονται,
591 2798 717 2890 πάσχειν
741 2799 852 2886 αίῦίλτὸς
874 2801 912 2877 ὡς
927 2803 1068 2889 πολεμίας
1083 2804 1134 2868 καὶ
1151 2805 1156 2886 Ι
1171 2829 1227 2889 νη-

141 2918 171 2968 10
193 2904 288 2970 ποινεί
316 2901 469 2970 τεθνάναι.
486 2906 496 2994 ΙΙ
510 2903 547 2971 τὰ
570 2906 603 2972 θὲ
625 2901 757 2992 χρήματ’
786 2902 880 2972 αὐτῶν
905 2902 1044 2992 δλημάσια
1067 2905 1161 2990 εἶναι,
1192 2902 1225 2972 τὸ

192 3005 221 3073 θ’
249 3009 432 3092 ἐπίιθέκατον
457 3005 517 3095 ίρθν
540 3013 592 3075 τοῦ
610 2989 803 3096 ’ίλΙπάλλοινος
825 3010 876 3074 καί
899 3013 931 3075 τό
954 3006 1140 3097 Στρίάμονος.
1177 3006 1225 3084 τὸς

141 3125 171 3174 15
195 3111 228 3176 θὲ
250 3107 425 3199 προστήάτας
455 3109 628 3200 ἀναγράψαι
657 3109 753 3197 αιἰτίὸς
776 3116 806 3186 ἐς
829 3108 939 3199 στήλην
966 3114 1092 3198 λιθίνην.
1114 3107 1170 3198 ίῆν
1193 3115 1227 3178 δέ

139 3227 170 3276 20
192 3239 235 3287 τις
263 3210 296 3279 τὸ
327 3209 468 3300 ψήφισμα
485 3223 488 3298 l
507 3210 688 3301 αἰναψηφίζει
716 3209 968 3300 ήκαταδίέχεται
995 3211 1098 3289 τοάτος
1126 3213 1225 3303 τέχνήη

192 3320 315 3404 μηχανῇ
347 3313 532 3403 ὁίτλειροίῠλίν,
564 3314 601 3380 τὰ
630 3313 764 3404 χρήματ’
799 3314 871 3382 αὐτο
900 3314 1040 3406 θημῙόσια
1069 3319 1144 3384 ἔστω
1174 3317 1226 3384 καί

191 3415 279 3492 αὐτὸς
296 3426 299 3498 l
317 3421 449 3508 φεογέτω
468 3415 642 3506 Ἀμφίπολιν
662 3436 665 3503 Ι
683 3417 853 3508 άειρογίην.

83 3628 283 3706 Stratoclem,
319 3629 374 3710 qui
398 3627 446 3688 Ol.
474 3628 545 3708 lob,
565 3629 582 3688 3
614 3625 664 3709 (=
680 3629 743 3688 358
762 3648 791 3692 a.
811 3627 897 3710 Chr.)
925 3629 1047 3710 legatus
1070 3627 1269 3710 Amphipoli-

83 3743 227 3794 tanorum
250 3729 382 3792 Athenis
406 3730 520 3810 luerat,
545 3732 639 3812 paulo
662 3740 743 3812 post,
769 3751 840 3795 cum
863 3732 1027 3814 Philippus
1050 3751 1104 3794 rex
1126 3732 1269 3795 Macedo-

82 3855 159 3899 num
182 3833 396 3915 Amphipolim
427 3835 579 3915 cepisset,
613 3853 630 3896 a
662 3834 786 3897 civibus
815 3835 848 3900 iu
877 3835 1007 3896 exilium
1037 3837 1167 3899 missum
1198 3855 1267 3898 esse

80 3937 288 4018 probabiliter
312 3939 456 4018 exposuit
470 3938 597 4000 Boeckh
619 3939 641 3999 l.
660 3938 681 3999 l.
708 3937 792 4000 idem
809 3938 955 4018 lonicum,
982 3957 1064 4018 quae
1082 3947 1214 4019 apparet
1234 3940 1267 4000 in

80 4040 140 4101 hoc
161 4040 270 4119 titulo,
297 4039 466 4104 dialectum
490 4043 664 4104 rectissime
688 4061 724 4102 eo
747 4041 901 4123 explieat,
928 4040 1013 4121 quod
1036 4042 1172 4102 civitatis
1193 4039 1270 4102 Arn-

80 4143 300 4224 phipolitanae
324 4142 507 4208 condendae
531 4163 723 4224 quamquam
745 4143 956 4208 Athenienses
979 4154 1137 4220 auctores,
1163 4154 1269 4206 tamen

79 4247 172 4308 multi
203 4267 243 4308 ex
266 4247 358 4308 sociis
390 4267 499 4310 eorum
521 4249 624 4309 lonico
647 4265 792 4309 sermone
815 4246 980 4309 utentibus
1003 4247 1175 4328 participes
1198 4247 1270 4308 fue-

79 4360 163 4412 rant.
212 4349 251 4411 de
274 4342 403 4434 φεάγειν,
431 4347 556 4435 φεογέτο
584 4349 625 4432 (3.
644 4351 695 4432 23)
722 4371 753 4412 v.
779 4349 820 4412 ad
844 4350 892 4412 tit.
914 4351 984 4412 l3l.
