3172 5198
66 353 145 415 —7o]
421 339 539 388 Incertae
558 323 677 400 originis.
716 338 882 402 Pamphylia.
1199 339 1239 402 93

67 423 342 430 ——---—--—
352 425 394 430 -..-
402 425 493 430 -.-.-
815 425 890 430 -ψ
896 425 915 430 --
925 425 945 430 -
954 425 1126 431 ———--
1133 428 1239 436 .-.-,-

512 574 545 642 9.
567 573 789 658 Pamphylio.

64 709 115 776 75.
134 711 177 778 76
199 713 352 796 Aspendi.

67 885 124 966 (75)
167 881 329 971 Koopotetol
361 880 494 969 Λιμνάοο
516 886 520 971 Ι
545 882 757 972 Κοορασίωνος
785 891 788 968 l
818 871 1040 971 δαρῖορρίσωσα
1063 889 1065 968 l
1086 889 1195 973 περτέ-

166 989 245 1052 δοκε
268 991 293 1060 ἰς
314 983 408 1074 troppo
426 987 429 1072 Ι
448 983 559 1074 ἀργόρυ
583 991 656 1074 μνᾶς
678 987 789 1074 φίκατι.

68 1176 123 1258 (76)
159 1173 355 1265 [Nleplolnolttc
382 1173 582 1265 ’Apopitclloul
598 1184 601 1262 Ι
619 1173 803 1263 Napaeae<
824 1175 1067 1263 tapam-stotonae
1088 1182 1195 1267 περτέ-

165 1282 235 1346 δοκε
259 1284 284 1354 ἰς
306 1281 416 1368 {palpat
443 1281 494 1346 καὶ
516 1285 630 1346 nolito
653 1277 774 1368 ἀργόρρο
798 1283 872 1365 μνᾶς
894 1279 1007 1367 φίκατι.

63 1487 240 1550 Secundum
263 1489 443 1570 apographa
463 1490 714 1552 G.Hmscnrrtnu
742 1489 1017 1572 t‘Monatstertctte
1040 1490 1095 1551 der
1120 1489 1237 1556 Acade-

61 1592 115 1651 nn'e
130 1612 171 1652 zu
186 1591 302 1653 Berlin'
332 1590 411 1652 tete
435 1613 467 1673 p.
491 1593 549 1654 l23
566 1593 627 1674 sq.)
647 1592 702 1653 hos
721 1594 827 1656 titulos
849 1594 994 1655 tractavit
1010 1595 1108 1655 lusrus
1124 1599 1238 1660 Srrurs-

62 1713 137 1756 nunu
167 1696 198 1755 in
229 1696 265 1755 G.
300 1695 399 1757 Curtii
426 1695 635 1758 ‘Studiorum’
667 1697 727 1758 vol.
760 1698 799 1756 lX
828 1717 884 1778 pp.
909 1699 949 1756 89
973 1716 1063 1777 sqq.‚
1100 1701 1154 1779 qui
1185 1721 1237 1763 eos

61 1797 194 1860 secundo
216 1818 246 1858 a.
273 1798 347 1861 Chr,
372 1800 477 1861 seculo
500 1801 681 1881 superiores
704 1818 766 1860 non
790 1819 858 1861 esse
882 1808 982 1880 putat.
1007 1805 1162 1864 sententia
1181 1804 1238 1866 At-

62 1901 117 1961 tice
140 1901 219 1963 haec
242 1910 306 1963 est:
334 1896 497 1987 Κοορασιῶ
520 1898 654 1986 lapiton
675 1903 728 1966 τοῦ
751 1898 963 1988 Κοορασίωνος
986 1900 1236 1990 λειτουργήσοοσα

59 2003 242 2087 προσέδωκεν
270 2005 313 2076 εἰς
341 2002 452 2090 πύργον
481 1999 610 2092 ἀργύρου
633 2007 706 2090 μνᾶς
729 2002 833 2070 εἴκοσι.
861 2043 899 2052 -
930 2001 1077 2078 Νεόπολις
1095 2003 1237 2096 Ἀφροδι-

62 2106 122 2170 σίου
155 2111 207 2172 τοῦ
239 2103 417 2180 Νεοπόλεως
448 2103 699 2194 λειτουργήσοοσα
738 2109 925 2195 προσέδωκεν
955 2109 997 2181 εἰς
1024 2110 1160 2196 ἐρέρνιον
1189 2113 1239 2178 καὶ

60 2212 177 2274 πυλῶνα
207 2204 339 2296 ἀργύρου
369 2216 442 2295 μνᾶς
472 2209 577 2275 εἴκοσι.
632 2213 800 2274 dialectum
823 2215 964 2275 Doricam
995 2232 1064 2274 esse
1091 2230 1233 2298 apparet.

60 2323 188 2394 atquae
211 2315 464 2394 Siegismundius
487 2336 526 2377 ex
549 2317 598 2377 his
620 2317 720 2378 titulis
742 2316 782 2378 de
806 2317 933 2378 historia
957 2316 1081 2396 linguae
1099 2320 1237 2383 Graecae

62 2417 200 2497 colligere
227 2420 341 2499 voluit,
367 2439 430 2480 non
453 2421 555 2481 onmia
579 2419 706 2500 probari
730 2429 871 2501 possunt.
899 2421 991 2481 immo
1011 2440 1084 2482 vero
1107 2425 1133 2484 si
1157 2443 1237 2504 quae

62 2522 89 2580 in
112 2524 157 2582 eis
179 2542 196 2583 a
221 2525 379 2584 communi
403 2523 630 2586 consuetudine
653 2534 830 2586 ceterorum
846 2524 1035 2586 Graecorum
1050 2524 1234 2608 abhorrent,

63 2643 91 2683 en
114 2645 176 2686 uon
199 2645 241 2686 ex
263 2627 396 2706 pristino
412 2635 495 2690 statu
519 2627 642 2707 linguae
666 2635 790 2688 servata
806 2625 863 2687 sed
878 2645 937 2706 per
952 2625 1129 2690 barbariem
1146 2628 1236 2692 Asia-

62 2746 166 2789 norum
193 2731 223 2790 ei
255 2730 386 2810 impacta
417 2749 487 2791 esse
515 2731 654 2810 putanda
683 2741 767 2792 sunt.
799 2731 924 2791 omnino
953 2732 1036 2790 enim
1066 2732 1234 2795 dialectum

61 2831 306 2914 Pamphyliorum
337 2853 399 2894 non
434 2834 547 2895 leviter
579 2833 779 2914 depravatam
815 2832 911 2895 luisse
948 2844 980 2894 et
1013 2854 1070 2914 per
1103 2855 1136 2895 se
1168 2840 1232 2899 veri

60 2935 156 2997 simile
180 2946 282 2997 estet
306 2946 448 2997 veterum
478 2938 666 2998 testimoniis
695 2946 954 2998 commemoratur
986 2939 1025 3014 (e.
1052 2957 1089 3026 g„
1106 2938 1240 3002 Arrian„

60 3037 148 3099 anab.
173 3041 204 3118 Ι,
231 3039 280 3122 26)
310 3051 340 3101 et
364 3040 475 3102 horum
506 3041 666 3102 titulorum
691 3041 888 3120 neglegentia
917 3042 1092 3120 scripturae
1116 3044 1234 3104 confir-

60 3151 172 3204 matur:
198 3137 293 3228 πόργο
316 3163 373 3224 pro
394 3138 524 3228 πύργον,
556 3142 657 3228 ἐρέρνι
679 3163 736 3224 pro
765 3143 917 3229 ἐρέρνιον,
947 3141 1042 3208 ἔδωκε
1064 3145 1155 3206 modo
1178 3167 1235 3226 per

59 3240 192 3309 llmodo
215 3266 275 3327 per
297 3242 322 3309 0
346 3249 509 3328 scriptum.
543 3248 649 3327 itaque
672 3243 697 3308 Υ
720 3248 841 3308 literam
866 3256 1004 3308 veterem
1033 3249 1230 3327 significatio-

58 3365 126 3408 nem
148 3369 170 3410 n
192 3351 308 3412 vocalis
330 3351 416 3431 apud
439 3351 635 3432 Pamphylios
657 3352 830 3430 antiquitus
853 3351 1033 3431 retinuisse,
1058 3361 1093 3413 ut
1116 3353 1235 3432 Siegis-

59 3451 204 3514 mundius
232 3454 262 3536 (l.
281 3455 302 3516 l.
322 3453 372 3535 92)
392 3455 507 3532 voluit,
533 3472 732 3533 nequaquam
750 3453 852 3515 credo.
871 3489 914 3498 -
928 3455 970 3524 εἰς
992 3457 1234 3535 praepositionis

58 3552 152 3616 habes
181 3557 311 3618 lormam
343 3558 519 3619 breviorem
551 3558 592 3635 ἰς,
619 3566 654 3618 ut
677 3556 733 3634 tt,
760 3559 789 3620 3.
821 3551 892 3640 πρός
915 3568 962 3618 est
984 3554 1067 3641 περτζ
1089 3578 1128 3619 ex
1150 3557 1235 3643 πορτί

59 3668 242 3738 correptum.
