3178 5188
318 318 380 379 144
709 319 741 368 ll.
769 318 962 384 Inscriptiones
974 318 1107 369 Aeolicae.
1451 319 1512 383 [tlt

319 535 433 588 exstat.
480 543 523 586 otc
551 523 689 606 syllabae
721 525 866 604 signum,
899 524 984 605 quod
1013 526 1170 605 reperisse
1198 526 1357 590 Deeckins
1387 537 1424 589 et
1448 529 1516 589 Sie-

319 628 518 710 gismundius
551 626 613 690 sibi
651 626 844 690 videbantur
882 627 1015 710 l‘Stud.’
1043 629 1095 690 Vll
1130 649 1165 709 p.
1196 629 1291 708 tttt,
1332 629 1517 692 Abrensius

323 733 343 815 (‘
355 732 474 795 Philol'
483 731 523 792 35
532 751 563 812 p.
574 732 615 792 22
624 731 708 811 sqq.)
730 733 849 792 rectius
863 750 923 812 per
934 749 983 793 ste
995 731 1176 813 explicavit,
1190 732 1374 795 sibilantem
1389 735 1515 796 acriore

321 854 396 898 sono
411 835 661 916 pronuntiatum,
687 851 782 914 quam
799 835 854 914 qui
869 843 918 896 est
932 833 1085 913 simplicis
1100 853 1115 896 s
1130 835 1252 897 literae.
1284 855 1395 916 neque
1414 839 1513 916 enim,

320 957 402 1020 quae
421 936 676 1018 Siegismundius
703 937 829 1018 t‘Stodss
846 938 886 997 lx
909 958 941 1017 p.
962 937 1032 1018 tot)
1059 936 1100 999 ad
1123 957 1212 1001 suam
1236 941 1434 1001 sententiam
1457 940 1516 1002 de-

320 1040 512 1111 fendendam
536 1041 676 1122 protulit,
702 1039 847 1102 sulficere
863 1041 940 1100 mibi
956 1039 1118 1102 videntur.
1157 1043 1286 1122 utrique
1302 1045 1516 1108 consentiunt

322 1145 362 1207 de
392 1147 475 1206 notis
504 1163 545 1206 za
574 1154 606 1206 et
628 1162 665 1206 zo
694 1143 886 1225 syllabarum
915 1141 1047 1222 (Deeckc
1078 1153 1110 1204 et
1133 1145 1353 1224 Siegismund,
1391 1149 1516 1209 ‘Stum’

320 1248 372 1309 Vll
395 1267 428 1328 p.
448 1248 522 1310 22l.
549 1248 589 1307 lX
611 1267 643 1327 p.
670 1248 723 1306 99.
753 1245 898 1324 Abrens,
935 1244 1073 1306 ‘Pbt'lol'
1095 1245 1136 1305 35
1161 1247 1364 1330 p.i2sqq.).
1416 1248 1519 1310 habes

322 1351 419 1430 igitur
440 1359 569 1430 praeter
591 1350 820 1429 quinquaginta
842 1348 912 1408 illas
934 1345 1081 1429 syllabas,
1107 1365 1241 1427 quarum
1260 1358 1356 1410 notae
1372 1352 1439 1412 etsi
1456 1371 1517 1412 non

322 1471 430 1514 omnes
454 1452 607 1532 exemplis
630 1452 831 1514 confirmatae
855 1460 961 1512 tamen
984 1469 1093 1512 omnes
1109 1451 1142 1511 in
1158 1469 1218 1512 usu
1233 1450 1333 1512 luisse
1349 1454 1518 1532 putandae

320 1564 405 1634 sunt,
432 1555 488 1616 has
507 1573 578 1616 sex:
600 1553 649 1632 jo,
667 1553 711 1632 je,
730 1554 769 1632 ji,
795 1571 853 1632 sse,
879 1573 932 1631 zo,
957 1573 1006 1631 zo,
1032 1571 1167 1632 quarum
1189 1555 1292 1614 sociae
1308 1555 1356 1633 jo,
1378 1556 1432 1636 jy,
1451 1575 1515 1632 ssa,

321 1675 382 1734 sco,
408 1676 455 1734 ze,
480 1675 520 1737 sy
535 1665 595 1716 etc.
620 1673 698 1716 num
714 1656 801 1735 ipsae
817 1673 945 1735 quoque
960 1656 1101 1737 propriis
1120 1657 1202 1717 notis
1215 1656 1422 1736 significatae
1440 1661 1513 1738 sint⁷

321 1758 461 1822 dubitari
484 1767 598 1840 potest.

405 1864 492 1926 Hanc
520 1861 672 1922 rationem
703 1879 764 1922 non
796 1861 905 1922 literas
929 1859 985 1922 sed
1007 1859 1144 1940 syllabas
1166 1859 1328 1922 scribendi
1354 1863 1517 1942 quomodo

319 1966 426 2048 Cyprii
448 1965 559 2026 formis
580 1965 735 2026 sermonis
750 1962 861 2024 Graeci
882 1961 1194 2042 accommodaverim,
1217 1981 1421 2044 quamquam
1438 1986 1517 2028 non-

318 2069 417 2132 nullis
446 2069 524 2132 locis
553 2067 658 2130 adhuc
687 2066 853 2129 dubitatur
873 2076 980 2127 tamen
1003 2067 1035 2126 in
1058 2068 1241 2128 universum
1264 2085 1282 2128 a
1304 2069 1391 2129 viris
1416 2069 1517 2132 doctis

319 2174 396 2235 satis
417 2182 562 2234 accurate
585 2171 765 2251 expositum
787 2179 846 2231 est.
893 2170 1019 2249 regulas
1042 2169 1213 2248 scribendi,
1240 2188 1322 2250 quae
1349 2172 1418 2233 buc
1442 2193 1516 2254 per-

318 2278 432 2355 tinent,
458 2275 646 2337 brevissime
669 2273 912 2353 comprehensas
935 2272 1077 2352 reperies
1099 2272 1185 2352 apud
1199 2273 1377 2334 Deeckium
1393 2285 1432 2337 et
1449 2279 1516 2339 Sie-

320 2378 546 2458 gismundium‚
574 2377 688 2439 ‘stou'
710 2377 762 2437 Vll
784 2395 818 2456 p.
836 2375 979 2454 226sqq.
1004 2393 1127 2436 summa
1149 2394 1259 2437 earum
1281 2376 1364 2437 baec
1387 2389 1462 2440 est:

409 2485 438 2544 l.
464 2485 490 2544 si
514 2480 599 2562 quod
621 2479 809 2541 vocabulum
832 2480 865 2540 in
887 2496 1054 2539 consonam
1076 2477 1204 2556 desinit,
1230 2478 1387 2541 scribitur
1402 2501 1468 2562 pro
1483 2503 1515 2545 ea

319 2589 445 2668 signum
467 2586 536 2648 eius
558 2582 714 2666 syllabae,
741 2600 824 2661 quae
846 2581 906 2641 hac
929 2599 1064 2643 consona
1087 2599 1158 2641 cum
1181 2599 1197 2642 e
1218 2581 1318 2641 vocali
1342 2585 1514 2648 coniuncta

321 2690 466 2752 eflicitur.
503 2707 532 2749 e.
551 2705 580 2767 g.
604 2685 786 2767 po-to-li-oe
807 2711 850 2736 =
871 2675 984 2746 πτόλιν.
1031 2684 1180 2746 articulus
1203 2691 1236 2744 et
1257 2688 1515 2764 praepositiones
1581 2753 1582 2760 y

320 2809 557 2871 nonnumquam
587 2807 659 2852 cum
689 2787 873 2868 insequenti
901 2785 1054 2847 vocabulo
1081 2804 1144 2846 uno
1174 2795 1282 2847 tenore
1312 2787 1514 2866 syllabarum

319 2893 643 2974 comprehenduntur.
690 2910 719 2953 c.
745 2908 775 2969 g.
808 2886 1213 2968 loco-cesi-ly-poro-oc
1234 2913 1277 2942 =
1298 2883 1349 2951 τὸν
1378 2883 1513 2953 Ὀνασί-

318 3020 439 3083 κνπρον.
482 2995 753 3079 pe-ro-to-tt-o-oe
774 3019 817 3046 =
838 2986 904 3076 περ’
928 2985 1088 3054 Ἠδάλιον.

406 3103 436 3163 2.
462 3105 488 3162 si
511 3100 592 3163 duae
616 3114 769 3160 consonae
791 3115 826 3157 se
849 3096 1025 3176 excipiunt,
1050 3096 1137 3175 prior
1157 3113 1266 3156 earum
1281 3095 1442 3158 scribitur
1456 3117 1511 3178 per

319 3207 443 3287 signum
465 3203 615 3286 syllabae,
641 3219 722 3282 quae
746 3199 882 3261 efficitur
903 3199 961 3259 hac
982 3217 1119 3260 consona
1141 3198 1306 3259 coniuncta

405 3307 433 3390 o)
460 3317 516 3368 aut
544 3323 616 3368 cum
647 3321 683 3367 ea
705 3303 822 3380 vocali,
853 3319 936 3381 quae
957 3302 1115 3381 sequitur.
1161 3301 1218 3361 boe
1240 3300 1275 3361 fit
1297 3310 1328 3362 et
1350 3300 1393 3362 ab
1421 3305 1509 3365 initio

320 3409 543 3472 vocabulorum
571 3411 607 3489 (e.
627 3425 657 3488 g.
678 3406 861 3487 peto-lice
881 3431 925 3458 =
945 3397 1056 3484 πτόλιν)
1091 3413 1123 3465 et
1145 3405 1226 3464 intra
1248 3402 1401 3465 vocabula
1428 3415 1505 3482 tum,

319 3533 391 3578 cum
413 3531 567 3575 consonae
591 3531 624 3573 se
647 3510 846 3590 excipientes
868 3516 943 3568 sunt
965 3517 1051 3569 muta
1073 3525 1145 3568 cum
1168 3506 1289 3586 liquida
1310 3506 1347 3588 (e.
1367 3527 1398 3587 g.
1426 3519 1508 3571 a-to-

318 3633 458 3698 ro-po-se
478 3643 522 3669 =
543 3605 740 3697 όνλθρωπος).

403 3719 429 3802 b)
456 3730 510 3782 aut
531 3737 603 3780 cum
626 3736 662 3780 ea
684 3716 795 3795 vocali,
821 3733 903 3795 quae
919 3711 1092 3776 antecedit.
1131 3713 1189 3774 boc
1205 3713 1238 3773 fit
1254 3714 1337 3774 intra
1352 3715 1507 3778 vocabula
1578 3763 1579 3787 y

317 3832 403 3901 tum,
434 3839 509 3882 oum
539 3837 692 3881 consonae
722 3837 756 3880 se
780 3817 976 3898 excipientes
999 3835 1060 3878 non
1082 3824 1156 3877 sunt
1177 3824 1264 3878 muta
1285 3835 1359 3877 cum
1382 3817 1506 3898 liquida

323 3925 363 4006 (e.
382 3943 412 4005 g.
437 3921 713 4004 sy-co-ro-lo-i-se
734 3947 778 3974 =
801 3913 852 3982 σὺν
875 3908 988 4005 όρκοις,
1013 3917 1196 3998 o—ro-lcy-ro
1217 3945 1260 3970 =
1284 3911 1435 4004 o'tpytlpotl.

402 4027 433 4088 3.
459 4027 550 4087 litera
571 4025 689 4086 nasalis
711 4033 785 4085 ante
806 4041 975 4084 consonam
999 4022 1190 4102 explosivam
1211 4023 1329 4102 scripta
1344 4041 1505 4104 nusquam

316 4131 493 4212 reperitur,
529 4127 586 4189 sed
620 4145 748 4208 semper
781 4127 946 4187 omittitur.
1000 4145 1029 4186 e.
1056 4143 1086 4204 g.
1123 4125 1351 4205 to-po-to-li-nc
1372 4151 1417 4178 =
1441 4122 1508 4208 rato)

314 4227 434 4315 πτόλιν,
465 4239 688 4313 o-to-ro-po-se
709 4257 753 4282 =
775 4220 956 4314 (λλόρως.
1010 4228 1151 4290 dubitari
1181 4246 1243 4288 non
1272 4237 1393 4307 potest,
1429 4234 1506 4310 quin

315 4340 415 4401 levior
442 4335 659 4417 pronuntiatio
682 4335 793 4396 literae
816 4333 931 4394 nasalis
953 4349 1046 4392 causa
1069 4330 1164 4392 buius
1186 4330 1318 4391 rationis
1340 4330 1505 4394 scribendi
1576 4323 1577 4370 t

320 4442 381 4525 (vel
411 4458 474 4502 non
505 4435 678 4519 scribendi)
713 4436 821 4499 fuerit.
869 4445 900 4497 at
929 4435 1011 4496 bano
1038 4433 1326 4515 pronuntiationem
1348 4437 1505 4514 peculiari
