3238 5198
656 331 795 382 Messenia.
1272 336 1310 397 21

237 525 272 597 άν
295 533 322 597 οἱ
354 531 426 618 ἱεροί
456 527 639 605 διατάξωντι.
687 527 722 598 ἂν
747 534 779 598 δέ
801 558 843 607 τις
868 527 965 608 άλλως
988 533 1123 623 ἔχειτὸν
1148 539 1267 624 είματι-

236 633 309 721 σμδν
337 632 420 723 παρὰ
442 634 474 701 τδ
499 631 672 723 διάγραμμα
701 631 720 722 ἢ
744 629 819 720 1ίίλλο
842 661 869 701 τι
890 643 946 702 τῶν
969 641 1195 724 κεκωλυμένων,
1228 640 1267 728 μή

235 741 421 826 ἐπιτρεπέίτω
444 737 460 805 δ
482 735 695 826 γυναικονόμος
717 737 767 804 καί
789 741 922 812 ἐξουσίαν
945 742 1039 829 ἐχέτω
1054 744 1264 828 λυμαίνεσθαι,
1288 783 1296 800 =

234 841 285 909 καί
313 843 389 908 ἔστω
420 841 485 930 ἱερὰ
512 849 571 908 τῶν
601 845 691 908 θεῶν.
716 881 759 892 -
781 837 889 930 Ὅρκος
917 842 1150 932 γυναικονόμου·
1183 851 1211 912 οί
1235 849 1267 914 δὲ

237 946 326 1034 ἱεροί,
357 941 428 1010 όταν
450 944 502 1011 καί
525 944 609 1012 αὐτοὶ
632 942 805 1030 όμόσωντι,
831 942 991 1033 ὁρκιίόντω
1013 945 1062 1014 τὸν
1084 947 1264 1035 γυναικονό-

236 1074 289 1136 μον
312 1049 440 1115 ἐπὶτῶν
464 1045 562 1115 αότῶν
588 1051 694 1137 ίερῶν·
725 1049 755 1114 εἷ
776 1047 833 1136 μὰν
855 1051 929 1122 ἕξειν
952 1052 1123 1135 ἐπιμέλειαν
1145 1055 1214 1140 περί
1234 1081 1266 1120 τε

234 1159 286 1220 τοῖι
316 1155 491 1239 είματισμοῶ
513 1150 564 1218 καί
584 1159 643 1218 τῶν
666 1157 777 1218 λοιπῶν
800 1138 858 1219 τῶν
878 1158 883 1235 Ι
903 1156 1137 1241 ἐπιτεταγμένων
1162 1183 1211 1243 μοι
1233 1160 1264 1222 ἐν

232 1263 275 1345 τῷ
297 1256 509 1346 διαγράμματι.
531 1295 571 1305 -
587 1257 730 1342 Πομπᾶς·
755 1258 785 1323 ἐν
802 1257 835 1322 δὲ
849 1261 886 1344 τᾷ
901 1263 1004 1346 πομπᾷ
1025 1255 1156 1346 ἁγείσθω
1173 1259 1264 1326 Μνα-

231 1362 399 1450 σίστρατος,
434 1361 546 1428 ἔπειτεν
576 1356 591 1425 δ
623 1357 716 1448 ἱερεὺς
749 1367 807 1426 τῶν
837 1362 932 1440 θεῶν,
965 1361 1008 1436 οἷς
1029 1368 1033 1441 Ι
1052 1360 1088 1427 τὰ
1118 1363 1264 1451 μυστήρια

232 1466 379 1553 γίγνεται,
411 1462 485 1550 μετὰ
505 1470 558 1538 τᾶς
582 1465 697 1552 ἱερέας,
729 1464 830 1530 ἔπειτα
853 1462 1061 1550 ἀγωνοθέτας,
1095 1463 1261 1554 ίεροθιίτας,

233 1572 261 1635 οἱ
292 1565 438 1654 αθλήταί,
472 1565 545 1652 μετὰ
576 1567 609 1633 δέ
638 1574 731 1633 ταῦτα
755 1570 786 1633 αί
807 1569 953 1655 παρθένοι
976 1571 1007 1634 αί
1031 1570 1127 1656 ίεραί,
1159 1569 1263 1646 καθῶς

178 1688 210 1738 30
234 1668 269 1739 ἂν
291 1668 443 1761 λοίίχωντι,
469 1665 596 1756 όίγουσαι
617 1666 654 1736 τὰ
677 1665 809 1759 ἅρματα,
835 1673 1022 1756 ἐπικειμένας
1044 1671 1144 1747 κίστας
1166 1672 1261 1761 ἐχοό-

232 1803 286 1851 σας
316 1774 382 1863 ίερολ
413 1772 557 1862 μυστικά·
588 1774 663 1840 είτεν
688 1772 707 1840 ά
736 1771 969 1862 θοιναρμόστρια
993 1773 1012 1841 ἃ
1042 1779 1083 1850 είς
1107 1774 1261 1865 Δάματρος

230 1881 282 1947 καὶ
304 1884 335 1947 αἱ
358 1875 681 1967 θποθοιναίρλίμόστριαι
704 1880 735 1944 αί
753 1881 959 1966 ἐμβεβακυῖαι,
985 1879 1060 1946 είτεν
1076 1877 1096 1945 δ
1113 1882 1194 1968 ίέρεα
1208 1887 1260 1956 τῶς

231 1984 387 2074 Δάματρος
408 1979 458 2058 τάς
481 1981 531 2071 ἐφ’
560 1984 746 2070 ἱπποδρόμῳ,
770 1981 847 2048 εἶτεν
871 1979 890 2047 όι
912 1987 964 2056 τᾶς
979 1985 1010 2048 ἐν
1027 1982 1150 2069 Αίγίλα,
1174 1984 1261 2052 ἔπει-

231 2116 278 2157 τεν
310 2093 341 2155 αί
372 2087 449 2176 ἱεραί
479 2086 556 2154 κατὰ
585 2087 672 2173 μίαν,
704 2083 815 2158 καίθοίς
844 2111 884 2151 κα
913 2083 1066 2174 λάχωντι,
1092 2086 1206 2154 ἔπειτεν
1232 2093 1260 2156 οί

232 2194 320 2281 ἱεροί,
351 2188 454 2264 καθαίς
482 2215 522 2256 κα
551 2193 579 2256 οί
609 2191 682 2256 δέκα
712 2184 905 2261 διατάξωντι·
939 2187 955 2254 ὁ
984 2190 1020 2255 δέ
1045 2189 1259 2280 γυναικονόμος

230 2292 384 2384 κλαροότω
417 2293 469 2368 τοῖς
504 2319 537 2360 τε
572 2292 651 2381 ἱερὰς
688 2292 738 2358 καί
772 2294 940 2380 παρθένους
978 2293 1028 2358 καί
1065 2296 1257 2380 ἐπιμέλειανί

227 2403 341 2490 ἐχέτω,
380 2394 461 2472 όπως
493 2393 698 2483 πομπεόωντι,
738 2392 841 2469 καθοίς
875 2423 914 2462 κα
946 2393 1089 2484 λάχωντι.
1136 2396 1257 2487 ἀγέσθω

231 2505 263 2571 δὲ
292 2506 323 2568 ἐν
352 2508 389 2589 τᾷ
424 2505 527 2587 πομπᾷ
563 2498 613 2565 καί
644 2496 681 2565 τά
715 2497 852 2585 δόματα,
891 2497 941 2564 καί
974 2496 1111 2566 θυσάντω
1141 2506 1178 2589 τᾷ
1209 2503 1260 2589 μὲν

231 2603 366 2693 Δάματρι
394 2609 445 2670 σῶν
469 2604 606 2682 ἐπίτοκα,
633 2599 774 2690 Ἕρμᾰίνι
800 2599 902 2690 κριόν,
935 2599 1073 2694 μεγάλοις
1096 2607 1177 2679 θεοῖς
1200 2603 1260 2672 δά-

228 2715 316 2797 μαλιν
337 2713 400 2788 οὖν,
416 2705 578 2773 Ἀπόλλωνι
596 2705 734 2795 Καρνείῳ
750 2703 873 2793 κάπρον,
886 2702 977 2792 Ἅγνᾷ
992 2699 1047 2771 όϊν.
1067 2744 1103 2755 -
1118 2708 1254 2774 Σκανῖιν·

175 2829 208 2879 35
230 2811 342 2879 σκανολν
366 2812 399 2878 δὲ
422 2809 461 2897 μή
485 2807 681 2897 ἐπιτρεπόντω
704 2812 732 2874 οἱ
756 2809 829 2896 ἱεροί
852 2809 970 2895 μηθένα
991 2809 1073 2896 ἔχειν
1089 2813 1120 2875 ἐν
1134 2817 1138 2884 Ι
1151 2836 1260 2899 τετρα-

226 2914 315 3005 γῶνῳ
338 2916 431 3003 μείζω
452 2918 551 2979 ποδῶν
566 2910 734 3001 τριάκοντα,
761 2913 837 2997 μηδὲ
851 2914 1040 2999 περιτιθέμεν
1055 2917 1118 2986 ταῖς
1135 2920 1257 2990 σκαναῖς

228 3019 301 3108 μήτε
324 3021 438 3107 δέρρεις
462 3014 535 3103 μήτε
558 3013 707 3096 αιίλείας,Ι
724 3016 800 3101 μηδὲ
822 3018 853 3080 ἐν
877 3009 903 3102 ᾦ
926 3010 961 3079 άν
983 3011 1064 3102 τόπῳ
1086 3021 1256 3104 περιστομί-

228 3121 403 3212 ματυίσωντι
435 3124 463 3187 οἱ
499 3121 589 3206 ἱεροί,
626 3121 742 3206 μηθένα
775 3125 832 3185 τῶν
868 3116 907 3205 μή
937 3113 1030 3184 όντων
1061 3121 1144 3206 ίερῶν
1174 3120 1255 3209 ἔχειν

226 3224 355 3307 σκανάν,
382 3226 457 3312 μηδὲ
479 3225 653 3312 παρερπέτω
677 3221 783 3309 μηθείς
807 3218 937 3308 ἀμύητος
960 3225 1001 3296 είς
1023 3218 1072 3288 τὸν
1095 3219 1196 3302 τόπον,
1221 3219 1253 3288 όν

225 3356 264 3397 κα
285 3324 627 3418 περιστεμμαλταίσωντι·
652 3322 835 3414 χωραξοίντω
858 3325 890 3390 δὲ
913 3323 964 3389 καί
987 3321 1128 3412 ὖδράνας.
1176 3323 1255 3391 ἀνα-

224 3431 384 3523 γραψάντω
408 3433 440 3497 δέ
463 3428 513 3498 καί
535 3428 586 3517 ἀφ’
615 3424 656 3494 ῶν
680 3431 725 3496 δεῖ
746 3429 920 3516 καθαρίζειν
944 3427 995 3492 καί
1010 3421 1030 3493 ά
1046 3426 1086 3515 μή
1103 3431 1148 3494 δεῖ
1162 3429 1255 3517 ἔχον-

223 3566 275 3614 τας
298 3533 523 3625 είςπορεόεσθαι
543 3534 635 3622 [μηδὲ]
656 3517 702 3599 δεῖ
723 3533 804 3622 ἔχειν
825 3539 829 3612 ί
850 3535 880 3596 ἐν
898 3534 963 3605 ταῖς
979 3536 1112 3606 σκαναῖς.
1150 3531 1255 3620 μηθείς

224 3645 324 3717 κλίνας
352 3643 448 3730 ἐχέτω
476 3641 508 3705 ἐν
529 3643 567 3725 τδρ
589 3641 685 3725 σκανᾷ
708 3637 784 3724 μηδὲ
807 3632 1009 3724 ἀργυρώματα
1029 3636 1164 3710 πλείονος
1187 3630 1255 3710 άξια

225 3751 362 3836 δραχμῶν
391 3749 581 3832 τριακοσῶιν,
614 3745 640 3807 εί
671 3741 704 3807 δὲ
732 3737 791 3827 μή,
824 3737 865 3827 μή
888 3736 1092 3827 ἐπιτρεπόνλτω
1115 3743 1143 3804 οί
1167 3741 1251 3828 ίεροί,

222 3852 273 3918 καί
294 3848 332 3917 τὰ
352 3844 567 3920 πλειονάίοντα
590 3844 655 3934 ίερὰ
676 3845 752 3911 ἔστω
774 3851 833 3909 τῶν
851 3846 940 3909 θεῶν.
962 3881 999 3892 -
1014 3840 1251 3930 Ἀκοσμοόντων·

222 3952 293 4023 όταν
322 3955 355 4021 δέ
386 3956 418 4019 αί
446 3952 551 4018 θυσίαι
572 3946 682 4016 καὶτὰ
705 3945 853 4036 μυστήρια
875 3949 1076 4027 συντελεῖται,
1107 3944 1252 4035 εόφαμεῖν

169 4077 202 4128 40
224 4057 344 4143 πάνίτας
358 4057 410 4124 καί
430 4054 549 4122 ἀκούειν
564 4061 622 4120 τῶν
638 4054 935 4141 παραγγελλομένων,
960 4050 1009 4118 τόν
1026 4052 1058 4118 δέ
1074 4049 1254 4117 ἀπειθοῦντα

221 4160 241 4251 ή
272 4162 410 4252 ἀπρεπῶς
444 4156 700 4247 ἀναστρεφόμενον
735 4159 776 4230 είς
809 4155 842 4222 τὸ
878 4157 958 4222 θεῖον
993 4151 1195 4241 μαστιγοόντω
1223 4157 1252 4219 οἱ

224 4268 297 4356 ἱεροί
316 4267 321 4355 ή
340 4265 391 4333 καί
420 4260 637 4332 ἀποκωλυόντω
665 4267 724 4328 τῶν
756 4261 932 4348 μυστηρίων.
961 4298 998 4308 -
1017 4255 1247 4346 Ῥαβδοφόρων·

223 4367 404 4460 ῥαβδοφόροι
427 4369 460 4434 δέ
482 4369 614 4434 ἔστωσαν
638 4369 672 4432 ἐκ
693 4372 751 4431 τῶν
770 4367 854 4452 ίερῶν
872 4362 966 4429 εἴκοσι
980 4361 1030 4428 καί
1044 4358 1251 4450 πειθαρχοόν-

218 4502 260 4542 τω
290 4477 350 4550 τοῖς
379 4468 601 4558 ἐπιτελοόνγτοις
627 4468 664 4537 τά
688 4467 834 4558 μυστήρια
856 4465 907 4534 καί
928 4468 1099 4554 ἐπιμέλειαν
1123 4464 1249 4553 ἐχόντω,
