<?xml version="1.0" encoding="UTF-8"?>
<!DOCTYPE html PUBLIC "-//W3C//DTD XHTML 1.0 Transitional//EN"
    "http://www.w3.org/TR/xhtml1/DTD/xhtml1-transitional.dtd">
<html xmlns="http://www.w3.org/1999/xhtml" xml:lang="en" lang="en">
 <head>
  <title>
</title>
<meta http-equiv="Content-Type" content="text/html;charset=utf-8" />
  <meta name='ocr-system' content='tesseract 3.04.00' />
  <meta name='ocr-capabilities' content='ocr_page ocr_carea ocr_par ocr_line ocrx_word'/>
</head>
<body>
  <div class='ocr_page' id='page_1' title='image "./delectusinscrip00cauegoog_0068.png"; bbox 0 0 3238 5198; ppageno 0'>
   <div class='ocr_carea' id='block_1_1' title="bbox 74 281 756 345">
    <p class='ocr_par' dir='ltr' id='par_1_1' title="bbox 74 281 756 345">
     <span class='ocr_line' id='line_1_1' title="bbox 74 281 756 345; baseline 0.006 -17"><span class='ocrx_word' id='word_1_1' title='bbox 74 281 164 342; x_wconf 83' lang='grc'><strong>-36]</strong></span> <span class='ocrx_word' id='word_1_2' title='bbox 590 283 756 345; x_wconf 77' lang='lat' dir='ltr'><strong>Byzantium.</strong></span> 
     </span>
    </p>
   </div>
   <div class='ocr_carea' id='block_1_2' title="bbox 138 481 983 1708">
    <p class='ocr_par' dir='ltr' id='par_1_2' title="bbox 138 481 983 1708">
     <span class='ocr_line' id='line_1_2' title="bbox 191 481 869 571; baseline 0.003 -22"><span class='ocrx_word' id='word_1_3' title='bbox 191 481 429 571; x_wconf 78' lang='grc' dir='ltr'><strong>Ὀλβιοπυλείταν</strong></span> <span class='ocrx_word' id='word_1_4' title='bbox 452 484 499 548; x_wconf 82' lang='grc' dir='ltr'><strong>ἐπὶ</strong></span> <span class='ocrx_word' id='word_1_5' title='bbox 521 490 559 570; x_wconf 74' lang='grc' dir='ltr'><strong>τᾷ</strong></span> <span class='ocrx_word' id='word_1_6' title='bbox 582 487 712 552; x_wconf 78' lang='grc' dir='ltr'>διανεκεῖ</span> <span class='ocrx_word' id='word_1_7' title='bbox 733 485 798 550; x_wconf 86' lang='grc' dir='ltr'><strong>ποτί</strong></span> <span class='ocrx_word' id='word_1_8' title='bbox 820 481 869 551; x_wconf 82' lang='grc' dir='ltr'><strong>τὸν</strong></span> 
     </span>
     <span class='ocr_line' id='line_1_3' title="bbox 195 582 926 674; baseline 0.005 -24"><span class='ocrx_word' id='word_1_9' title='bbox 195 591 288 671; x_wconf 81' lang='grc' dir='ltr'>δᾶμον</span> <span class='ocrx_word' id='word_1_10' title='bbox 310 587 362 652; x_wconf 86' lang='grc' dir='ltr'><strong>καί</strong></span> <span class='ocrx_word' id='word_1_11' title='bbox 385 582 435 652; x_wconf 81' lang='grc' dir='ltr'><strong>διὰ</strong></span> <span class='ocrx_word' id='word_1_12' title='bbox 455 583 605 673; x_wconf 77' lang='grc' dir='ltr'><strong>προγόνων</strong></span> <span class='ocrx_word' id='word_1_13' title='bbox 628 590 763 674; x_wconf 73' lang='grc' dir='ltr'><strong>προνοίᾳ.</strong></span> <span class='ocrx_word' id='word_1_14' title='bbox 788 588 869 674; x_wconf 84' lang='grc' dir='ltr'><strong>εἶμεν</strong></span> <span class='ocrx_word' id='word_1_15' title='bbox 894 589 926 654; x_wconf 83' lang='grc' dir='ltr'><strong>δὲ</strong></span> 
     </span>
     <span class='ocr_line' id='line_1_4' title="bbox 196 687 919 776; baseline 0.003 -22"><span class='ocrx_word' id='word_1_16' title='bbox 196 687 283 754; x_wconf 79' lang='grc' dir='ltr'><strong>αὐτὸν</strong></span> <span class='ocrx_word' id='word_1_17' title='bbox 306 690 357 754; x_wconf 79' lang='grc' dir='ltr'><strong>καί</strong></span> <span class='ocrx_word' id='word_1_18' title='bbox 378 691 516 756; x_wconf 83' lang='grc' dir='ltr'><strong>πολείταν</strong></span> <span class='ocrx_word' id='word_1_19' title='bbox 539 688 678 764; x_wconf 73' lang='grc' dir='ltr'><strong>καὶτοὺς</strong></span> <span class='ocrx_word' id='word_1_20' title='bbox 701 687 839 776; x_wconf 68' lang='grc' dir='ltr'><strong>ἐγγόνους</strong></span> <span class='ocrx_word' id='word_1_21' title='bbox 862 688 919 756; x_wconf 77' lang='grc' dir='ltr'><strong>αὖ·</strong></span> 
     </span>
     <span class='ocr_line' id='line_1_5' title="bbox 193 788 971 880; baseline 0.004 -23"><span class='ocrx_word' id='word_1_22' title='bbox 193 797 244 858; x_wconf 80' lang='grc' dir='ltr'><strong>τοῦ</strong></span> <span class='ocrx_word' id='word_1_23' title='bbox 266 793 317 858; x_wconf 87' lang='grc' dir='ltr'><strong>καί</strong></span> <span class='ocrx_word' id='word_1_24' title='bbox 338 799 560 880; x_wconf 72' lang='grc' dir='ltr'><strong>ποτιγραφῆμεν</strong></span> <span class='ocrx_word' id='word_1_25' title='bbox 582 791 653 858; x_wconf 79' lang='lat' dir='ltr'><strong>uoit&#39;</strong></span> <span class='ocrx_word' id='word_1_26' title='bbox 682 788 716 858; x_wconf 72' lang='lat' dir='ltr'><strong>tto</strong></span> <span class='ocrx_word' id='word_1_27' title='bbox 739 819 779 860; x_wconf 82' lang='grc' dir='ltr'><strong>κα</strong></span> <span class='ocrx_word' id='word_1_28' title='bbox 801 796 876 880; x_wconf 81' lang='grc' dir='ltr'>θέλη</span> <span class='ocrx_word' id='word_1_29' title='bbox 899 799 971 860; x_wconf 64' lang='grc' dir='ltr'><strong>τὰν</strong></span> 
     </span>
     <span class='ocr_line' id='line_1_6' title="bbox 140 892 900 983; baseline 0.005 -25"><span class='ocrx_word' id='word_1_30' title='bbox 140 909 174 958; x_wconf 86' lang='grc'><strong>30</strong></span> <span class='ocrx_word' id='word_1_31' title='bbox 196 892 398 963; x_wconf 78' lang='grc' dir='ltr'><strong>ἑκατοστόων.</strong></span> <span class='ocrx_word' id='word_1_32' title='bbox 423 899 552 983; x_wconf 55' lang='lat' dir='ltr'><strong>radicat</strong></span> <span class='ocrx_word' id='word_1_33' title='bbox 576 897 609 963; x_wconf 83' lang='grc' dir='ltr'><strong>δὲ</strong></span> <span class='ocrx_word' id='word_1_34' title='bbox 632 895 723 963; x_wconf 77' lang='grc' dir='ltr'><strong>αὐτοῦ</strong></span> <span class='ocrx_word' id='word_1_35' title='bbox 746 899 797 963; x_wconf 84' lang='grc' dir='ltr'><strong>καί</strong></span> <span class='ocrx_word' id='word_1_36' title='bbox 819 895 900 964; x_wconf 83' lang='grc' dir='ltr'>εἰκό-</span> 
     </span>
     <span class='ocr_line' id='line_1_7' title="bbox 194 1002 809 1088; baseline 0.003 -24"><span class='ocrx_word' id='word_1_37' title='bbox 194 1025 231 1065; x_wconf 88' lang='grc' dir='ltr'><strong>να</strong></span> <span class='ocrx_word' id='word_1_38' title='bbox 253 1003 413 1088; x_wconf 83' lang='grc' dir='ltr'><strong>ἐπίχρυσον</strong></span> <span class='ocrx_word' id='word_1_39' title='bbox 436 1002 467 1065; x_wconf 85' lang='grc' dir='ltr'><strong>ἐν</strong></span> <span class='ocrx_word' id='word_1_40' title='bbox 489 1003 532 1088; x_wconf 80' lang='grc' dir='ltr'><strong>τῷ</strong></span> <span class='ocrx_word' id='word_1_41' title='bbox 554 1002 756 1088; x_wconf 74' lang='grc' dir='ltr'><strong>βουλευτηρίῳ</strong></span> <span class='ocrx_word' id='word_1_42' title='bbox 778 1004 809 1065; x_wconf 86' lang='grc' dir='ltr'><strong>ἐν</strong></span> 
     </span>
     <span class='ocr_line' id='line_1_8' title="bbox 194 1087 983 1192; baseline 0.004 -26"><span class='ocrx_word' id='word_1_43' title='bbox 194 1101 292 1190; x_wconf 77' lang='grc' dir='ltr'>τόπῳ,</span> <span class='ocrx_word' id='word_1_44' title='bbox 320 1097 345 1192; x_wconf 78' lang='grc' dir='ltr'><em>ᾧ</em></span> <span class='ocrx_word' id='word_1_45' title='bbox 368 1101 407 1190; x_wconf 72' lang='grc' dir='ltr'><strong>μὴ</strong></span> <span class='ocrx_word' id='word_1_46' title='bbox 433 1097 521 1177; x_wconf 77' lang='grc' dir='ltr'><strong>ἄλλος</strong></span> <span class='ocrx_word' id='word_1_47' title='bbox 543 1103 623 1191; x_wconf 78' lang='grc' dir='ltr'><strong>ἔχει,</strong></span> <span class='ocrx_word' id='word_1_48' title='bbox 654 1087 705 1170; x_wconf 77' lang='grc' dir='ltr'><strong>καί</strong></span> <span class='ocrx_word' id='word_1_49' title='bbox 727 1101 893 1191; x_wconf 82' lang='grc' dir='ltr'><strong>ἐπιγραφὰν</strong></span> <span class='ocrx_word' id='word_1_50' title='bbox 916 1105 983 1169; x_wconf 84' lang='grc' dir='ltr'>ἐπι-</span> 
     </span>
     <span class='ocr_line' id='line_1_9' title="bbox 193 1204 900 1295; baseline -0.001 -22"><span class='ocrx_word' id='word_1_51' title='bbox 193 1205 306 1295; x_wconf 73' lang='grc' dir='ltr'>γράψαι</span> <span class='ocrx_word' id='word_1_52' title='bbox 326 1204 378 1273; x_wconf 83' lang='grc' dir='ltr'><strong>τὰν</strong></span> <span class='ocrx_word' id='word_1_53' title='bbox 400 1209 679 1294; x_wconf 79' lang='grc' dir='ltr'><strong>προδεδηλωμέναν.</strong></span> <span class='ocrx_word' id='word_1_54' title='bbox 729 1209 900 1295; x_wconf 83' lang='grc' dir='ltr'>διαπέμψα-</span> 
     </span>
     <span class='ocr_line' id='line_1_10' title="bbox 195 1307 923 1398; baseline -0.001 -23"><span class='ocrx_word' id='word_1_55' title='bbox 195 1313 267 1376; x_wconf 75' lang='grc' dir='ltr'>σθαι</span> <span class='ocrx_word' id='word_1_56' title='bbox 288 1311 321 1378; x_wconf 78' lang='grc' dir='ltr'><strong>δὲ</strong></span> <span class='ocrx_word' id='word_1_57' title='bbox 344 1312 394 1376; x_wconf 82' lang='grc' dir='ltr'><strong>καί</strong></span> <span class='ocrx_word' id='word_1_58' title='bbox 416 1308 448 1376; x_wconf 78' lang='grc' dir='ltr'><strong>τὸ</strong></span> <span class='ocrx_word' id='word_1_59' title='bbox 472 1307 611 1398; x_wconf 80' lang='grc' dir='ltr'>ψάφισμα</span> <span class='ocrx_word' id='word_1_60' title='bbox 633 1316 718 1378; x_wconf 77' lang='grc' dir='ltr'><strong>τοῦτο</strong></span> <span class='ocrx_word' id='word_1_61' title='bbox 742 1308 790 1376; x_wconf 80' lang='grc' dir='ltr'>δι’·</span> <span class='ocrx_word' id='word_1_62' title='bbox 803 1314 923 1376; x_wconf 80' lang='grc' dir='ltr'><strong>ἐπιστυ-</strong></span> 
     </span>
     <span class='ocr_line' id='line_1_11' title="bbox 138 1409 959 1502; baseline 0.005 -26"><span class='ocrx_word' id='word_1_63' title='bbox 138 1428 171 1477; x_wconf 87' lang='grc'><strong>35</strong></span> <span class='ocrx_word' id='word_1_64' title='bbox 195 1419 248 1488; x_wconf 62' lang='lat' dir='ltr'><strong>tta</strong></span> <span class='ocrx_word' id='word_1_65' title='bbox 271 1419 332 1488; x_wconf 86' lang='grc' dir='ltr'><strong>τοῖς</strong></span> <span class='ocrx_word' id='word_1_66' title='bbox 350 1413 587 1502; x_wconf 82' lang='grc' dir='ltr'><strong>Ὀλβιοπολειτᾶν</strong></span> <span class='ocrx_word' id='word_1_67' title='bbox 612 1409 769 1502; x_wconf 75' lang='grc' dir='ltr'><strong>ἄρχουσιν,</strong></span> <span class='ocrx_word' id='word_1_68' title='bbox 794 1413 844 1479; x_wconf 75' lang='grc' dir='ltr'><strong>ἵνα</strong></span> <span class='ocrx_word' id='word_1_69' title='bbox 866 1415 917 1480; x_wconf 84' lang='grc' dir='ltr'><strong>καί</strong></span> <span class='ocrx_word' id='word_1_70' title='bbox 941 1411 959 1480; x_wconf 77' lang='grc' dir='ltr'><strong>ἆ</strong></span> 
     </span>
     <span class='ocr_line' id='line_1_12' title="bbox 191 1515 911 1605; baseline 0.001 -23"><span class='ocrx_word' id='word_1_71' title='bbox 191 1519 295 1605; x_wconf 85' lang='grc' dir='ltr'><strong>πατρίς</strong></span> <span class='ocrx_word' id='word_1_72' title='bbox 319 1515 409 1584; x_wconf 75' lang='grc' dir='ltr'><strong>αὐτοῦ</strong></span> <span class='ocrx_word' id='word_1_73' title='bbox 432 1523 483 1591; x_wconf 81' lang='grc' dir='ltr'><strong>τᾶς</strong></span> <span class='ocrx_word' id='word_1_74' title='bbox 506 1517 677 1590; x_wconf 72' lang='grc' dir='ltr'><strong>Βυζαντίων</strong></span> <span class='ocrx_word' id='word_1_75' title='bbox 701 1515 817 1592; x_wconf 77' lang='grc' dir='ltr'><strong>εὐνοίας</strong></span> <span class='ocrx_word' id='word_1_76' title='bbox 839 1516 911 1605; x_wconf 82' lang='grc' dir='ltr'>πρὸς</span> 
     </span>
     <span class='ocr_line' id='line_1_13' title="bbox 192 1615 733 1708; baseline 0.002 -23"><span class='ocrx_word' id='word_1_77' title='bbox 192 1618 241 1686; x_wconf 83' lang='grc' dir='ltr'><strong>τὸν</strong></span> <span class='ocrx_word' id='word_1_78' title='bbox 264 1615 357 1708; x_wconf 79' lang='grc' dir='ltr'><strong>ἄνδρα</strong></span> <span class='ocrx_word' id='word_1_79' title='bbox 380 1623 432 1688; x_wconf 80' lang='grc' dir='ltr'><strong>ναὶ</strong></span> <span class='ocrx_word' id='word_1_80' title='bbox 453 1627 556 1707; x_wconf 81' lang='grc' dir='ltr'>τειμᾰς</span> <span class='ocrx_word' id='word_1_81' title='bbox 580 1621 733 1708; x_wconf 76' lang='grc' dir='ltr'><strong>αἴσθηται.</strong></span> 
     </span>
    </p>
   </div>
   <div class='ocr_carea' id='block_1_3' title="bbox 82 1881 1265 4333">
    <p class='ocr_par' dir='ltr' id='par_1_3' title="bbox 82 1881 1265 4333">
     <span class='ocr_line' id='line_1_14' title="bbox 82 1881 1261 1966; baseline -0.001 -22"><span class='ocrx_word' id='word_1_82' title='bbox 82 1886 252 1946; x_wconf 80' lang='lat' dir='ltr'>Decretum</span> <span class='ocrx_word' id='word_1_83' title='bbox 288 1885 505 1966; x_wconf 80' lang='lat' dir='ltr'><strong>Byzantiorum</strong></span> <span class='ocrx_word' id='word_1_84' title='bbox 540 1885 573 1944; x_wconf 90' lang='lat' dir='ltr'><strong>in</strong></span> <span class='ocrx_word' id='word_1_85' title='bbox 606 1885 755 1946; x_wconf 84' lang='lat' dir='ltr'>honorem</span> <span class='ocrx_word' id='word_1_86' title='bbox 790 1885 923 1944; x_wconf 89' lang='lat' dir='ltr'><strong>Orontae</strong></span> <span class='ocrx_word' id='word_1_87' title='bbox 952 1881 1053 1943; x_wconf 84' lang='lat' dir='ltr'><strong>Ababi</strong></span> <span class='ocrx_word' id='word_1_88' title='bbox 1078 1881 1098 1943; x_wconf 85' lang='lat' dir='ltr'><strong>f.</strong></span> <span class='ocrx_word' id='word_1_89' title='bbox 1135 1883 1261 1943; x_wconf 88' lang='lat' dir='ltr'><strong>factum.</strong></span> 
     </span>
     <span class='ocr_line' id='line_1_15' title="bbox 83 1985 1265 2067; baseline -0.002 -19"><span class='ocrx_word' id='word_1_90' title='bbox 83 1987 213 2050; x_wconf 82' lang='lat' dir='ltr'><strong>Ababus</strong></span> <span class='ocrx_word' id='word_1_91' title='bbox 236 1987 439 2067; x_wconf 86' lang='lat' dir='ltr'><strong>Olbiopolita,</strong></span> <span class='ocrx_word' id='word_1_92' title='bbox 471 1989 525 2066; x_wconf 92' lang='lat' dir='ltr'><strong>qui</strong></span> <span class='ocrx_word' id='word_1_93' title='bbox 548 1985 687 2066; x_wconf 78' lang='lat' dir='ltr'><strong>Augusto</strong></span> <span class='ocrx_word' id='word_1_94' title='bbox 715 1999 746 2048; x_wconf 88' lang='lat' dir='ltr'><strong>et</strong></span> <span class='ocrx_word' id='word_1_95' title='bbox 769 1987 893 2048; x_wconf 86' lang='lat' dir='ltr'><strong>Tiberio</strong></span> <span class='ocrx_word' id='word_1_96' title='bbox 923 1985 1167 2066; x_wconf 87' lang='lat' dir='ltr'><strong>imperatoribus</strong></span> <span class='ocrx_word' id='word_1_97' title='bbox 1189 2005 1265 2066; x_wconf 86' lang='lat' dir='ltr'><strong>por-</strong></span> 
     </span>
     <span class='ocr_line' id='line_1_16' title="bbox 83 2087 1265 2168; baseline 0.002 -17"><span class='ocrx_word' id='word_1_98' title='bbox 83 2092 182 2152; x_wconf 92' lang='lat' dir='ltr'><strong>ticum</strong></span> <span class='ocrx_word' id='word_1_99' title='bbox 210 2089 385 2168; x_wconf 89' lang='lat' dir='ltr'><strong>dedicavit,</strong></span> <span class='ocrx_word' id='word_1_100' title='bbox 418 2099 677 2151; x_wconf 79' lang='lat' dir='ltr'><strong>commemoratur</strong></span> <span class='ocrx_word' id='word_1_101' title='bbox 707 2091 739 2152; x_wconf 86' lang='lat' dir='ltr'><strong>C.</strong></span> <span class='ocrx_word' id='word_1_102' title='bbox 767 2092 788 2150; x_wconf 92' lang='lat' dir='ltr'><strong>i.</strong></span> <span class='ocrx_word' id='word_1_103' title='bbox 814 2090 867 2150; x_wconf 90' lang='lat' dir='ltr'><strong>Gr.</strong></span> <span class='ocrx_word' id='word_1_104' title='bbox 898 2087 992 2153; x_wconf 82' lang='grc'><strong>2087.</strong></span> <span class='ocrx_word' id='word_1_105' title='bbox 1040 2107 1102 2168; x_wconf 82' lang='lat' dir='ltr'><strong>qua</strong></span> <span class='ocrx_word' id='word_1_106' title='bbox 1131 2107 1165 2154; x_wconf 83' lang='lat' dir='ltr'><strong>re</strong></span> <span class='ocrx_word' id='word_1_107' title='bbox 1192 2107 1265 2153; x_wconf 78' lang='lat' dir='ltr'><strong>curn</strong></span> 
     </span>
     <span class='ocr_line' id='line_1_17' title="bbox 83 2190 1262 2272; baseline -0.003 -17"><span class='ocrx_word' id='word_1_108' title='bbox 83 2195 153 2255; x_wconf 83' lang='lat' dir='ltr'><strong>veri</strong></span> <span class='ocrx_word' id='word_1_109' title='bbox 175 2193 276 2255; x_wconf 90' lang='lat' dir='ltr'><strong>simile</strong></span> <span class='ocrx_word' id='word_1_110' title='bbox 300 2193 340 2253; x_wconf 94' lang='lat' dir='ltr'><strong>sit</strong></span> <span class='ocrx_word' id='word_1_111' title='bbox 362 2211 460 2254; x_wconf 91' lang='lat' dir='ltr'><strong>unum</strong></span> <span class='ocrx_word' id='word_1_112' title='bbox 485 2192 685 2272; x_wconf 90' lang='lat' dir='ltr'><strong>eundemque</strong></span> <span class='ocrx_word' id='word_1_113' title='bbox 707 2191 853 2254; x_wconf 78' lang='lat' dir='ltr'><strong>Ababum</strong></span> <span class='ocrx_word' id='word_1_114' title='bbox 875 2193 990 2270; x_wconf 88' lang='lat' dir='ltr'><strong>fuisse,</strong></span> <span class='ocrx_word' id='word_1_115' title='bbox 1021 2192 1079 2252; x_wconf 91' lang='lat' dir='ltr'><strong>hoc</strong></span> <span class='ocrx_word' id='word_1_116' title='bbox 1101 2190 1262 2253; x_wconf 88' lang='lat' dir='ltr'><strong>decretum</strong></span> 
     </span>
     <span class='ocr_line' id='line_1_18' title="bbox 85 2293 1263 2378; baseline -0.003 -20"><span class='ocrx_word' id='word_1_117' title='bbox 85 2297 303 2378; x_wconf 80' lang='lat' dir='ltr'><strong>Byzantiorum</strong></span> <span class='ocrx_word' id='word_1_118' title='bbox 334 2293 452 2357; x_wconf 88' lang='lat' dir='ltr'><strong>Tiberii</strong></span> <span class='ocrx_word' id='word_1_119' title='bbox 482 2297 679 2376; x_wconf 91' lang='lat' dir='ltr'><strong>imperatoris</strong></span> <span class='ocrx_word' id='word_1_120' title='bbox 706 2305 807 2358; x_wconf 87' lang='lat' dir='ltr'><strong>aetate</strong></span> <span class='ocrx_word' id='word_1_121' title='bbox 830 2298 880 2356; x_wconf 90' lang='lat' dir='ltr'><strong>vel</strong></span> <span class='ocrx_word' id='word_1_122' title='bbox 903 2295 994 2376; x_wconf 89' lang='lat' dir='ltr'><strong>paulo</strong></span> <span class='ocrx_word' id='word_1_123' title='bbox 1017 2304 1123 2374; x_wconf 88' lang='lat' dir='ltr'><strong>postea</strong></span> <span class='ocrx_word' id='word_1_124' title='bbox 1148 2293 1263 2355; x_wconf 87' lang='lat' dir='ltr'><strong>factum</strong></span> 
     </span>
     <span class='ocr_line' id='line_1_19' title="bbox 86 2396 1264 2478; baseline -0.003 -17"><span class='ocrx_word' id='word_1_125' title='bbox 86 2421 155 2462; x_wconf 90' lang='lat' dir='ltr'><strong>esse</strong></span> <span class='ocrx_word' id='word_1_126' title='bbox 178 2399 382 2462; x_wconf 91' lang='lat' dir='ltr'><strong>iudicandum</strong></span> <span class='ocrx_word' id='word_1_127' title='bbox 406 2407 463 2460; x_wconf 90' lang='lat' dir='ltr'><strong>est.</strong></span> <span class='ocrx_word' id='word_1_128' title='bbox 511 2397 663 2460; x_wconf 73' lang='lat' dir='ltr'><strong>dialectos</strong></span> <span class='ocrx_word' id='word_1_129' title='bbox 697 2409 745 2460; x_wconf 93' lang='lat' dir='ltr'><strong>est</strong></span> <span class='ocrx_word' id='word_1_130' title='bbox 766 2401 893 2478; x_wconf 88' lang='lat' dir='ltr'><strong>Dorica,</strong></span> <span class='ocrx_word' id='word_1_131' title='bbox 926 2399 1029 2478; x_wconf 88' lang='lat' dir='ltr'><strong>qualis</strong></span> <span class='ocrx_word' id='word_1_132' title='bbox 1058 2396 1150 2458; x_wconf 83' lang='lat' dir='ltr'><strong>decet</strong></span> <span class='ocrx_word' id='word_1_133' title='bbox 1181 2398 1264 2458; x_wconf 87' lang='lat' dir='ltr'><strong>colo-</strong></span> 
     </span>
     <span class='ocr_line' id='line_1_20' title="bbox 86 2499 1264 2582; baseline -0.002 -18"><span class='ocrx_word' id='word_1_134' title='bbox 86 2506 168 2564; x_wconf 91' lang='lat' dir='ltr'><strong>niam</strong></span> <span class='ocrx_word' id='word_1_135' title='bbox 192 2503 438 2582; x_wconf 81' lang='lat' dir='ltr'><strong>Megarensium,</strong></span> <span class='ocrx_word' id='word_1_136' title='bbox 470 2521 568 2582; x_wconf 89' lang='lat' dir='ltr'><strong>eaque</strong></span> <span class='ocrx_word' id='word_1_137' title='bbox 603 2513 745 2581; x_wconf 88' lang='lat' dir='ltr'><strong>postumo</strong></span> <span class='ocrx_word' id='word_1_138' title='bbox 773 2502 876 2564; x_wconf 90' lang='lat' dir='ltr'><strong>studio</strong></span> <span class='ocrx_word' id='word_1_139' title='bbox 905 2502 1101 2581; x_wconf 86' lang='lat' dir='ltr'><strong>antiquitatis</strong></span> <span class='ocrx_word' id='word_1_140' title='bbox 1123 2499 1264 2562; x_wconf 87' lang='lat' dir='ltr'><strong>redinte-</strong></span> 
     </span>
     <span class='ocr_line' id='line_1_21' title="bbox 86 2605 1262 2686; baseline -0.002 -20"><span class='ocrx_word' id='word_1_141' title='bbox 86 2616 182 2686; x_wconf 81' lang='lat' dir='ltr'><strong>grata.</strong></span> <span class='ocrx_word' id='word_1_142' title='bbox 230 2606 262 2665; x_wconf 95' lang='lat' dir='ltr'><strong>in</strong></span> <span class='ocrx_word' id='word_1_143' title='bbox 286 2624 347 2684; x_wconf 94' lang='lat' dir='ltr'><strong>quo</strong></span> <span class='ocrx_word' id='word_1_144' title='bbox 370 2606 414 2683; x_wconf 88' lang='lat' dir='ltr'><strong>is,</strong></span> <span class='ocrx_word' id='word_1_145' title='bbox 440 2607 494 2683; x_wconf 91' lang='lat' dir='ltr'><strong>qui</strong></span> <span class='ocrx_word' id='word_1_146' title='bbox 518 2606 575 2666; x_wconf 94' lang='lat' dir='ltr'><strong>hoc</strong></span> <span class='ocrx_word' id='word_1_147' title='bbox 597 2605 761 2666; x_wconf 88' lang='lat' dir='ltr'><strong>decretum</strong></span> <span class='ocrx_word' id='word_1_148' title='bbox 784 2606 982 2684; x_wconf 84' lang='lat' dir='ltr'><strong>conscripsit,</strong></span> <span class='ocrx_word' id='word_1_149' title='bbox 1009 2605 1165 2666; x_wconf 93' lang='lat' dir='ltr'><strong>nonsatis</strong></span> <span class='ocrx_word' id='word_1_150' title='bbox 1187 2623 1262 2665; x_wconf 92' lang='lat' dir='ltr'><strong>con-</strong></span> 
     </span>
     <span class='ocr_line' id='line_1_22' title="bbox 85 2709 1261 2788; baseline -0.002 -18"><span class='ocrx_word' id='word_1_151' title='bbox 85 2717 203 2770; x_wconf 92' lang='lat' dir='ltr'><strong>stanter</strong></span> <span class='ocrx_word' id='word_1_152' title='bbox 225 2717 369 2769; x_wconf 90' lang='lat' dir='ltr'><strong>versatus</strong></span> <span class='ocrx_word' id='word_1_153' title='bbox 393 2716 451 2768; x_wconf 88' lang='lat' dir='ltr'><strong>est.</strong></span> <span class='ocrx_word' id='word_1_154' title='bbox 499 2727 569 2770; x_wconf 91' lang='lat' dir='ltr'><strong>narn</strong></span> <span class='ocrx_word' id='word_1_155' title='bbox 594 2728 664 2769; x_wconf 90' lang='lat' dir='ltr'><strong>cum</strong></span> <span class='ocrx_word' id='word_1_156' title='bbox 685 2719 777 2770; x_wconf 82' lang='lat' dir='ltr'><strong>ceto</strong></span> <span class='ocrx_word' id='word_1_157' title='bbox 799 2709 921 2770; x_wconf 88' lang='lat' dir='ltr'><strong>vocales</strong></span> <span class='ocrx_word' id='word_1_158' title='bbox 943 2710 1051 2787; x_wconf 82' lang='lat' dir='ltr'><strong>longas</strong></span> <span class='ocrx_word' id='word_1_159' title='bbox 1074 2709 1261 2788; x_wconf 89' lang='lat' dir='ltr'><strong>plerumque</strong></span> 
     </span>
     <span class='ocr_line' id='line_1_23' title="bbox 84 2805 1261 2895; baseline -0.002 -23"><span class='ocrx_word' id='word_1_160' title='bbox 84 2831 140 2892; x_wconf 91' lang='lat' dir='ltr'><strong>per</strong></span> <span class='ocrx_word' id='word_1_161' title='bbox 160 2835 186 2874; x_wconf 81' lang='grc' dir='ltr'><strong>ει</strong></span> <span class='ocrx_word' id='word_1_162' title='bbox 209 2822 239 2872; x_wconf 83' lang='grc' dir='ltr'><strong>οι</strong></span> <span class='ocrx_word' id='word_1_163' title='bbox 262 2833 296 2872; x_wconf 93' lang='grc' dir='ltr'><strong>ου</strong></span> <span class='ocrx_word' id='word_1_164' title='bbox 319 2809 472 2872; x_wconf 84' lang='lat' dir='ltr'><strong>scriberet</strong></span> <span class='ocrx_word' id='word_1_165' title='bbox 499 2810 537 2891; x_wconf 88' lang='lat' dir='ltr'><strong>(e.</strong></span> <span class='ocrx_word' id='word_1_166' title='bbox 562 2831 592 2891; x_wconf 80' lang='lat' dir='ltr'><strong>g.</strong></span> <span class='ocrx_word' id='word_1_167' title='bbox 618 2810 728 2895; x_wconf 74' lang='grc' dir='ltr'><strong>βουλὰ,</strong></span> <span class='ocrx_word' id='word_1_168' title='bbox 762 2805 847 2874; x_wconf 83' lang='grc' dir='ltr'><strong>εἴπαν</strong></span> <span class='ocrx_word' id='word_1_169' title='bbox 871 2814 901 2873; x_wconf 94' lang='grc'><strong>2.</strong></span> <span class='ocrx_word' id='word_1_170' title='bbox 935 2805 1060 2895; x_wconf 83' lang='grc' dir='ltr'><strong>Ἀβάβου</strong></span> <span class='ocrx_word' id='word_1_171' title='bbox 1083 2811 1134 2894; x_wconf 83' lang='lat'><strong>3),</strong></span> <span class='ocrx_word' id='word_1_172' title='bbox 1167 2828 1261 2889; x_wconf 88' lang='lat' dir='ltr'><strong>quam</strong></span> 
     </span>
     <span class='ocr_line' id='line_1_24' title="bbox 86 2913 1262 2992; baseline -0.002 -16"><span class='ocrx_word' id='word_1_173' title='bbox 86 2934 222 2976; x_wconf 90' lang='lat' dir='ltr'><strong>normam</strong></span> <span class='ocrx_word' id='word_1_174' title='bbox 250 2913 375 2974; x_wconf 91' lang='lat' dir='ltr'><strong>Doridis</strong></span> <span class='ocrx_word' id='word_1_175' title='bbox 404 2915 536 2976; x_wconf 91' lang='lat' dir='ltr'><strong>mitioris</strong></span> <span class='ocrx_word' id='word_1_176' title='bbox 564 2935 634 2976; x_wconf 88' lang='lat' dir='ltr'><strong>esse</strong></span> <span class='ocrx_word' id='word_1_177' title='bbox 662 2914 837 2976; x_wconf 82' lang='lat' dir='ltr'><strong>Ahrensius</strong></span> <span class='ocrx_word' id='word_1_178' title='bbox 866 2916 991 2992; x_wconf 87' lang='lat' dir='ltr'><strong>statuit,</strong></span> <span class='ocrx_word' id='word_1_179' title='bbox 1027 2923 1132 2975; x_wconf 91' lang='lat' dir='ltr'><strong>tamen</strong></span> <span class='ocrx_word' id='word_1_180' title='bbox 1155 2932 1171 2973; x_wconf 86' lang='lat' dir='ltr'><strong>e</strong></span> <span class='ocrx_word' id='word_1_181' title='bbox 1192 2913 1262 2974; x_wconf 93' lang='lat' dir='ltr'><strong>lon-</strong></span> 
     </span>
     <span class='ocr_line' id='line_1_25' title="bbox 87 3016 1261 3100; baseline -0.001 -21"><span class='ocrx_word' id='word_1_182' title='bbox 87 3038 155 3098; x_wconf 81' lang='lat' dir='ltr'><strong>gam</strong></span> <span class='ocrx_word' id='word_1_183' title='bbox 177 3017 231 3080; x_wconf 85' lang='lat' dir='ltr'><strong>ubi</strong></span> <span class='ocrx_word' id='word_1_184' title='bbox 259 3019 312 3078; x_wconf 86' lang='lat' dir='ltr'><strong>vei</strong></span> <span class='ocrx_word' id='word_1_185' title='bbox 341 3028 412 3079; x_wconf 90' lang='lat' dir='ltr'><strong>ante</strong></span> <span class='ocrx_word' id='word_1_186' title='bbox 441 3019 580 3094; x_wconf 76' lang='lat' dir='ltr'><strong>¹vocalem</strong></span> <span class='ocrx_word' id='word_1_187' title='bbox 609 3018 659 3078; x_wconf 85' lang='lat' dir='ltr'><strong>vel</strong></span> <span class='ocrx_word' id='word_1_188' title='bbox 688 3018 965 3079; x_wconf 90' lang='lat' dir='ltr'><strong>interminatione</strong></span> <span class='ocrx_word' id='word_1_189' title='bbox 996 3016 1144 3078; x_wconf 92' lang='lat' dir='ltr'><strong>infinitivi</strong></span> <span class='ocrx_word' id='word_1_190' title='bbox 1168 3017 1261 3100; x_wconf 79' lang='grc' dir='ltr'><strong>-ῆμεν</strong></span> 
     </span>
     <span class='ocr_line' id='line_1_26' title="bbox 85 3112 1257 3205; baseline 0 -23"><span class='ocrx_word' id='word_1_191' title='bbox 85 3123 183 3202; x_wconf 90' lang='lat' dir='ltr'><strong>posita</strong></span> <span class='ocrx_word' id='word_1_192' title='bbox 206 3131 288 3200; x_wconf 83' lang='lat' dir='ltr'><strong>erat,</strong></span> <span class='ocrx_word' id='word_1_193' title='bbox 315 3140 373 3200; x_wconf 87' lang='lat' dir='ltr'><strong>per</strong></span> <span class='ocrx_word' id='word_1_194' title='bbox 395 3143 414 3203; x_wconf 79' lang='grc' dir='ltr'>η</span> <span class='ocrx_word' id='word_1_195' title='bbox 438 3121 580 3199; x_wconf 91' lang='lat' dir='ltr'><strong>scripsit:</strong></span> <span class='ocrx_word' id='word_1_196' title='bbox 614 3115 713 3205; x_wconf 79' lang='grc' dir='ltr'>χρήας</span> <span class='ocrx_word' id='word_1_197' title='bbox 735 3123 766 3181; x_wconf 90' lang='grc'><strong>8.</strong></span> <span class='ocrx_word' id='word_1_198' title='bbox 790 3112 923 3202; x_wconf 65' lang='lat' dir='ltr'><strong>ninive&lt;</strong></span> <span class='ocrx_word' id='word_1_199' title='bbox 949 3122 998 3180; x_wconf 86' lang='lat' dir='ltr'><strong>t8.</strong></span> <span class='ocrx_word' id='word_1_200' title='bbox 1024 3113 1182 3202; x_wconf 84' lang='grc' dir='ltr'><strong>ἐπιτάδηον</strong></span> <span class='ocrx_word' id='word_1_201' title='bbox 1207 3121 1257 3182; x_wconf 80' lang='lat' dir='ltr'><strong>at.</strong></span> 
     </span>
     <span class='ocr_line' id='line_1_27' title="bbox 87 3218 1260 3307; baseline -0.003 -20"><span class='ocrx_word' id='word_1_202' title='bbox 87 3218 261 3307; x_wconf 77' lang='grc' dir='ltr'><strong>ἀσαμήωτον</strong></span> <span class='ocrx_word' id='word_1_203' title='bbox 285 3227 335 3288; x_wconf 83' lang='grc'><strong>22.</strong></span> <span class='ocrx_word' id='word_1_204' title='bbox 361 3225 586 3307; x_wconf 69' lang='grc' dir='ltr'><strong>ποτιγραφῆμεν</strong></span> <span class='ocrx_word' id='word_1_205' title='bbox 609 3227 661 3286; x_wconf 89' lang='grc'><strong>29.</strong></span> <span class='ocrx_word' id='word_1_206' title='bbox 687 3223 816 3307; x_wconf 63' lang='lat' dir='ltr'><strong>cedrinas</strong></span> <span class='ocrx_word' id='word_1_207' title='bbox 838 3224 889 3284; x_wconf 86' lang='lat'><strong>30.</strong></span> <span class='ocrx_word' id='word_1_208' title='bbox 921 3222 961 3304; x_wconf 90' lang='lat' dir='ltr'><strong>(at</strong></span> <span class='ocrx_word' id='word_1_209' title='bbox 983 3224 1081 3285; x_wconf 87' lang='lat' dir='ltr'><strong>semei</strong></span> <span class='ocrx_word' id='word_1_210' title='bbox 1096 3220 1177 3305; x_wconf 81' lang='grc' dir='ltr'><strong>εἶμεν</strong></span> <span class='ocrx_word' id='word_1_211' title='bbox 1193 3224 1260 3306; x_wconf 73' lang='grc'><strong>27).</strong></span> 
     </span>
     <span class='ocr_line' id='line_1_28' title="bbox 87 3326 1262 3406; baseline -0.003 -15"><span class='ocrx_word' id='word_1_212' title='bbox 87 3338 252 3406; x_wconf 90' lang='lat' dir='ltr'><strong>utcumque</strong></span> <span class='ocrx_word' id='word_1_213' title='bbox 275 3327 315 3389; x_wconf 87' lang='lat' dir='ltr'><strong>dc</strong></span> <span class='ocrx_word' id='word_1_214' title='bbox 346 3328 405 3388; x_wconf 92' lang='lat' dir='ltr'><strong>hac</strong></span> <span class='ocrx_word' id='word_1_215' title='bbox 427 3326 638 3406; x_wconf 86' lang='lat' dir='ltr'><strong>discrepantia</strong></span> <span class='ocrx_word' id='word_1_216' title='bbox 662 3326 869 3406; x_wconf 89' lang='lat' dir='ltr'><strong>iudicabitur,</strong></span> <span class='ocrx_word' id='word_1_217' title='bbox 903 3328 970 3387; x_wconf 90' lang='lat' dir='ltr'><strong>sive</strong></span> <span class='ocrx_word' id='word_1_218' title='bbox 1000 3327 1097 3386; x_wconf 90' lang='lat' dir='ltr'><strong>errori</strong></span> <span class='ocrx_word' id='word_1_219' title='bbox 1128 3327 1262 3406; x_wconf 89' lang='lat' dir='ltr'><strong>scripto-</strong></span> 
     </span>
     <span class='ocr_line' id='line_1_29' title="bbox 88 3429 1261 3510; baseline 0.001 -20"><span class='ocrx_word' id='word_1_220' title='bbox 88 3433 130 3492; x_wconf 91' lang='lat' dir='ltr'><strong>ris</strong></span> <span class='ocrx_word' id='word_1_221' title='bbox 150 3431 367 3510; x_wconf 89' lang='lat' dir='ltr'><strong>antiquitatem</strong></span> <span class='ocrx_word' id='word_1_222' title='bbox 397 3429 490 3490; x_wconf 92' lang='lat' dir='ltr'><strong>nimis</strong></span> <span class='ocrx_word' id='word_1_223' title='bbox 519 3430 692 3491; x_wconf 88' lang='lat' dir='ltr'><strong>affectantis</strong></span> <span class='ocrx_word' id='word_1_224' title='bbox 723 3431 790 3491; x_wconf 90' lang='lat' dir='ltr'><strong>sive</strong></span> <span class='ocrx_word' id='word_1_225' title='bbox 818 3430 918 3491; x_wconf 89' lang='lat' dir='ltr'><strong>veteri</strong></span> <span class='ocrx_word' id='word_1_226' title='bbox 950 3438 981 3490; x_wconf 87' lang='lat' dir='ltr'><strong>et</strong></span> <span class='ocrx_word' id='word_1_227' title='bbox 1005 3429 1104 3491; x_wconf 88' lang='lat' dir='ltr'><strong>iustae</strong></span> <span class='ocrx_word' id='word_1_228' title='bbox 1128 3448 1261 3491; x_wconf 87' lang='lat' dir='ltr'><strong>eonsue-</strong></span> 
     </span>
     <span class='ocr_line' id='line_1_30' title="bbox 87 3531 1261 3614; baseline 0 -20"><span class='ocrx_word' id='word_1_229' title='bbox 87 3533 185 3595; x_wconf 92' lang='lat' dir='ltr'><strong>tudini</strong></span> <span class='ocrx_word' id='word_1_230' title='bbox 208 3534 362 3594; x_wconf 91' lang='lat' dir='ltr'><strong>sermonis</strong></span> <span class='ocrx_word' id='word_1_231' title='bbox 384 3533 604 3614; x_wconf 85' lang='lat' dir='ltr'><strong>Byzantiorum</strong></span> <span class='ocrx_word' id='word_1_232' title='bbox 627 3531 803 3609; x_wconf 77' lang='lat' dir='ltr'><strong>tribuetur7</strong></span> <span class='ocrx_word' id='word_1_233' title='bbox 829 3541 915 3594; x_wconf 86' lang='lat' dir='ltr'><strong>certe</strong></span> <span class='ocrx_word' id='word_1_234' title='bbox 939 3551 975 3594; x_wconf 86' lang='lat' dir='ltr'><strong>ea</strong></span> <span class='ocrx_word' id='word_1_235' title='bbox 990 3543 1176 3612; x_wconf 83' lang='lat' dir='ltr'><strong>argumento</strong></span> <span class='ocrx_word' id='word_1_236' title='bbox 1193 3551 1261 3594; x_wconf 90' lang='lat' dir='ltr'><strong>esse</strong></span> 
     </span>
     <span class='ocr_line' id='line_1_31' title="bbox 86 3634 1262 3717; baseline -0.001 -20"><span class='ocrx_word' id='word_1_237' title='bbox 86 3646 184 3717; x_wconf 90' lang='lat' dir='ltr'><strong>potest</strong></span> <span class='ocrx_word' id='word_1_238' title='bbox 212 3636 466 3698; x_wconf 90' lang='lat' dir='ltr'><strong>distributionem</strong></span> <span class='ocrx_word' id='word_1_239' title='bbox 495 3636 621 3697; x_wconf 90' lang='lat' dir='ltr'><strong>Doridis</strong></span> <span class='ocrx_word' id='word_1_240' title='bbox 650 3636 782 3698; x_wconf 90' lang='lat' dir='ltr'><strong>mitioris</strong></span> <span class='ocrx_word' id='word_1_241' title='bbox 812 3645 842 3697; x_wconf 94' lang='lat' dir='ltr'><strong>et</strong></span> <span class='ocrx_word' id='word_1_242' title='bbox 872 3636 1040 3697; x_wconf 87' lang='lat' dir='ltr'><strong>severioris</strong></span> <span class='ocrx_word' id='word_1_243' title='bbox 1068 3635 1108 3698; x_wconf 91' lang='lat' dir='ltr'><strong>ab</strong></span> <span class='ocrx_word' id='word_1_244' title='bbox 1135 3634 1262 3697; x_wconf 82' lang='lat' dir='ltr'><strong>Ahren-</strong></span> 
     </span>
     <span class='ocr_line' id='line_1_32' title="bbox 88 3737 1262 3818; baseline -0.001 -17"><span class='ocrx_word' id='word_1_245' title='bbox 88 3742 130 3801; x_wconf 92' lang='lat' dir='ltr'><strong>sio</strong></span> <span class='ocrx_word' id='word_1_246' title='bbox 146 3740 340 3801; x_wconf 89' lang='lat' dir='ltr'><strong>constitutam</strong></span> <span class='ocrx_word' id='word_1_247' title='bbox 358 3738 555 3800; x_wconf 88' lang='lat' dir='ltr'><strong>retinendam</strong></span> <span class='ocrx_word' id='word_1_248' title='bbox 580 3759 641 3800; x_wconf 92' lang='lat' dir='ltr'><strong>non</strong></span> <span class='ocrx_word' id='word_1_249' title='bbox 666 3759 744 3801; x_wconf 88' lang='lat' dir='ltr'><strong>esse.</strong></span> <span class='ocrx_word' id='word_1_250' title='bbox 771 3758 842 3800; x_wconf 89' lang='lat' dir='ltr'><strong>nam</strong></span> <span class='ocrx_word' id='word_1_251' title='bbox 865 3737 906 3799; x_wconf 85' lang='lat' dir='ltr'><strong>ab</strong></span> <span class='ocrx_word' id='word_1_252' title='bbox 930 3758 965 3800; x_wconf 87' lang='lat' dir='ltr'><strong>eo</strong></span> <span class='ocrx_word' id='word_1_253' title='bbox 988 3738 1143 3800; x_wconf 84' lang='lat' dir='ltr'><strong>dialectos</strong></span> <span class='ocrx_word' id='word_1_254' title='bbox 1158 3740 1262 3818; x_wconf 82' lang='lat' dir='ltr'><strong>Mega-</strong></span> 
     </span>
     <span class='ocr_line' id='line_1_33' title="bbox 89 3841 1261 3924; baseline -0.001 -21"><span class='ocrx_word' id='word_1_255' title='bbox 89 3845 149 3903; x_wconf 92' lang='lat' dir='ltr'><strong>rica</strong></span> <span class='ocrx_word' id='word_1_256' title='bbox 170 3841 276 3902; x_wconf 93' lang='lat' dir='ltr'><strong>Doridi</strong></span> <span class='ocrx_word' id='word_1_257' title='bbox 300 3843 415 3902; x_wconf 90' lang='lat' dir='ltr'><strong>mitiori</strong></span> <span class='ocrx_word' id='word_1_258' title='bbox 438 3841 595 3922; x_wconf 87' lang='lat' dir='ltr'><strong>adscripta</strong></span> <span class='ocrx_word' id='word_1_259' title='bbox 619 3852 665 3903; x_wconf 93' lang='lat' dir='ltr'><strong>est</strong></span> <span class='ocrx_word' id='word_1_260' title='bbox 693 3842 791 3924; x_wconf 89' lang='lat' dir='ltr'><strong>(‘dial.</strong></span> <span class='ocrx_word' id='word_1_261' title='bbox 817 3841 900 3903; x_wconf 61' lang='lat' dir='ltr'><strong>Dor)</strong></span> <span class='ocrx_word' id='word_1_262' title='bbox 922 3863 954 3922; x_wconf 92' lang='lat' dir='ltr'><strong>p.</strong></span> <span class='ocrx_word' id='word_1_263' title='bbox 975 3842 1061 3921; x_wconf 68' lang='lat' dir='ltr'><strong>rot).</strong></span> <span class='ocrx_word' id='word_1_264' title='bbox 1088 3842 1140 3903; x_wconf 93' lang='lat' dir='ltr'><strong>hic</strong></span> <span class='ocrx_word' id='word_1_265' title='bbox 1155 3853 1261 3903; x_wconf 88' lang='lat' dir='ltr'><strong>autem</strong></span> 
     </span>
     <span class='ocr_line' id='line_1_34' title="bbox 87 3944 1261 4025; baseline 0 -19"><span class='ocrx_word' id='word_1_266' title='bbox 87 3947 191 4006; x_wconf 89' lang='lat' dir='ltr'><strong>titulus</strong></span> <span class='ocrx_word' id='word_1_267' title='bbox 214 3947 306 4006; x_wconf 89' lang='lat' dir='ltr'><strong>etiam</strong></span> <span class='ocrx_word' id='word_1_268' title='bbox 331 3946 356 4005; x_wconf 93' lang='lat' dir='ltr'><strong>si</strong></span> <span class='ocrx_word' id='word_1_269' title='bbox 379 3964 440 4005; x_wconf 92' lang='lat' dir='ltr'><strong>non</strong></span> <span class='ocrx_word' id='word_1_270' title='bbox 465 3946 638 4024; x_wconf 89' lang='lat' dir='ltr'><strong>antiquitus</strong></span> <span class='ocrx_word' id='word_1_271' title='bbox 661 3944 794 4006; x_wconf 88' lang='lat' dir='ltr'><strong>traditae</strong></span> <span class='ocrx_word' id='word_1_272' title='bbox 811 3946 1075 4025; x_wconf 89' lang='lat' dir='ltr'><strong>pronuntiationis</strong></span> <span class='ocrx_word' id='word_1_273' title='bbox 1090 3944 1261 4006; x_wconf 91' lang='lat' dir='ltr'><strong>documen-</strong></span> 
     </span>
     <span class='ocr_line' id='line_1_35' title="bbox 88 4033 1261 4128; baseline -0.002 -18"><span class='ocrx_word' id='word_1_274' title='bbox 88 4060 150 4110; x_wconf 92' lang='lat' dir='ltr'><strong>tum</strong></span> <span class='ocrx_word' id='word_1_275' title='bbox 172 4059 236 4123; x_wconf 87' lang='lat' dir='ltr'><strong>est,</strong></span> <span class='ocrx_word' id='word_1_276' title='bbox 267 4059 372 4110; x_wconf 87' lang='lat' dir='ltr'><strong>tamen</strong></span> <span class='ocrx_word' id='word_1_277' title='bbox 402 4067 441 4108; x_wconf 88' lang='lat' dir='ltr'><strong>ex</strong></span> <span class='ocrx_word' id='word_1_278' title='bbox 471 4067 506 4108; x_wconf 89' lang='lat' dir='ltr'><strong>eo</strong></span> <span class='ocrx_word' id='word_1_279' title='bbox 529 4033 661 4128; x_wconf 74' lang='lat' dir='ltr'><strong>appaiet</strong></span> <span class='ocrx_word' id='word_1_280' title='bbox 683 4049 787 4108; x_wconf 91' lang='lat' dir='ltr'><strong>virum</strong></span> <span class='ocrx_word' id='word_1_281' title='bbox 811 4048 955 4123; x_wconf 87' lang='lat' dir='ltr'><strong>doctum,</strong></span> <span class='ocrx_word' id='word_1_282' title='bbox 988 4050 1042 4128; x_wconf 92' lang='lat' dir='ltr'><strong>qui</strong></span> <span class='ocrx_word' id='word_1_283' title='bbox 1065 4047 1183 4108; x_wconf 90' lang='lat' dir='ltr'><strong>Tiberii</strong></span> <span class='ocrx_word' id='word_1_284' title='bbox 1206 4066 1261 4108; x_wconf 91' lang='lat' dir='ltr'><strong>ae-</strong></span> 
     </span>
     <span class='ocr_line' id='line_1_36' title="bbox 88 4150 1261 4233; baseline -0.003 -20"><span class='ocrx_word' id='word_1_285' title='bbox 88 4162 148 4213; x_wconf 89' lang='lat' dir='ltr'><strong>tate</strong></span> <span class='ocrx_word' id='word_1_286' title='bbox 169 4152 331 4230; x_wconf 90' lang='lat' dir='ltr'><strong>antiquum</strong></span> <span class='ocrx_word' id='word_1_287' title='bbox 360 4169 460 4230; x_wconf 79' lang='lat' dir='ltr'><strong>genus</strong></span> <span class='ocrx_word' id='word_1_288' title='bbox 489 4150 615 4212; x_wconf 88' lang='lat' dir='ltr'><strong>dicendi</strong></span> <span class='ocrx_word' id='word_1_289' title='bbox 645 4153 784 4212; x_wconf 90' lang='lat' dir='ltr'><strong>imitatus</strong></span> <span class='ocrx_word' id='word_1_290' title='bbox 814 4161 876 4230; x_wconf 93' lang='lat' dir='ltr'><strong>est,</strong></span> <span class='ocrx_word' id='word_1_291' title='bbox 909 4171 1049 4212; x_wconf 91' lang='lat' dir='ltr'><strong>normam</strong></span> <span class='ocrx_word' id='word_1_292' title='bbox 1079 4151 1162 4211; x_wconf 92' lang='lat' dir='ltr'><strong>illam</strong></span> <span class='ocrx_word' id='word_1_293' title='bbox 1186 4173 1205 4233; x_wconf 76' lang='grc' dir='ltr'><em>η</em></span> <span class='ocrx_word' id='word_1_294' title='bbox 1230 4159 1261 4210; x_wconf 94' lang='lat' dir='ltr'><strong>et</strong></span> 
     </span>
     <span class='ocr_line' id='line_1_37' title="bbox 88 4253 541 4333; baseline -0.007 -16"><span class='ocrx_word' id='word_1_295' title='bbox 88 4278 114 4317; x_wconf 87' lang='grc' dir='ltr'><strong>ει</strong></span> <span class='ocrx_word' id='word_1_296' title='bbox 135 4253 347 4333; x_wconf 80' lang='lat' dir='ltr'><strong>distinguendi</strong></span> <span class='ocrx_word' id='word_1_297' title='bbox 371 4254 541 4332; x_wconf 80' lang='lat' dir='ltr'><strong>ignorasse.</strong></span> 
     </span>
    </p>
   </div>
   <div class='ocr_carea' id='block_1_4' title="bbox 0 0 1634 5198">
    <p class='ocr_par' dir='ltr' id='par_1_4' title="bbox 0 0 1634 5198">
     <span class='ocr_line' id='line_1_38' title="bbox 0 0 1634 5198; baseline 0 0"><span class='ocrx_word' id='word_1_298' title='bbox 0 0 1634 5198; x_wconf 95' lang='lat' dir='ltr'><strong> </strong></span> 
     </span>
    </p>
   </div>
  </div>
 </body>
</html>
