3172 5198
112 673 165 776 ll.¹
196 671 380 757 Ciuitates
406 674 512 755 inter
539 673 728 756 Isthmum
754 676 794 755 et
820 674 1095 777 Thermopylas
1122 677 1228 760 sitae,

77 887 117 946 R.
136 886 305 961 Maezuorr,
334 883 396 944 ‘dic
418 890 619 965 sopcccrorttcrt
643 884 793 944 doiiscireu
809 883 1003 945 bestcndteiic
1018 884 1070 945 des
1088 885 1264 946 cordiiclrert

167 985 333 1047 dorismrts'
372 985 414 1068 (in
454 986 824 1067 ‘Sprochmissenschosti
866 986 1101 1068 obhorrdlarrporr
1136 987 1264 1048 hervor—

165 1107 318 1170 pepcrtport
333 1109 389 1150 aas
408 1091 443 1150 G.
465 1090 597 1150 Curtius'
612 1096 775 1170 prommot.
793 1089 1004 1170 pesclIschost,'
1030 1090 1152 1169 Lipsiae
1168 1090 1260 1169 tait,

167 1214 200 1273 o·
218 1193 253 1252 Ἡ
267 1190 366 1272 socl-

571 1393 601 1459 1.
630 1393 772 1476 corpur.

80 1538 136 1596 Tu.
162 1537 336 1615 Huaruuuu,
362 1535 405 1596 De
428 1534 561 1597 dialecto
584 1535 743 1614 Delphica.
791 1534 994 1596 Vratislaviae
1020 1535 1112 1597 tart.

166 1830 338 1891 Titulorum
362 1830 586 1908 Delphieorum
615 1828 839 1907 amplissimam
867 1827 1082 1889 collectionem
1112 1830 1144 1889 in
1172 1851 1262 1892 muro

80 1933 247 2013 polygonio
270 1942 443 1994 exstantem
468 1929 569 1992 edidit
590 1932 625 1991 E.
646 1931 782 2008 Curuios,
812 1926 986 1991 ‘Aneodota
1002 1930 1175 2011 Delphica’,
1204 1936 1263 1996 Be-

78 2036 172 2096 rolini
198 2036 297 2109 tata,
329 2034 446 2114 quibus
475 2035 677 2095 continentur
699 2052 831 2095 numero
861 2032 1022 2112 sexaginta
1045 2053 1111 2095 sex.
1138 2047 1260 2113 partem

78 2157 188 2200 eorum
225 2139 353 2218 repetiit
381 2139 536 2216 nuscum,
581 2134 651 2198 Aac.
684 2136 763 2197 Heli.
797 2155 828 2196 n.
863 2136 1041 2197 903—9l5.
1084 2119 1261 2220 complures

79 2261 176 2303 novas
206 2240 377 2304 ediderunt
407 2237 444 2300 Α.
476 2223 575 2302 Coum
606 2250 637 2300 ct
666 2236 702 2299 Α.
737 2240 914 2317 Muccurum,
958 2235 1086 2301 ‘Aeacii
1112 2241 1178 2304 deli’
1209 2246 1263 2304 Irt-

78 2345 193 2406 stituto¹
227 2345 301 2404 l86l
331 2365 363 2425 p.
390 2343 508 2423 orsqq.
539 2343 678 2423 denique
708 2361 854 2422 magnum
885 2361 1055 2404 numerum
1082 2345 1264 2426 inscriptio-

79 2467 155 2509 num
186 2448 409 2527 Delphicarum
439 2448 471 2507 in
495 2445 605 2507 eodem
629 2465 718 2507 muro
748 2455 803 2507 aut
832 2463 930 2525 prope
961 2464 1033 2507 eum
1065 2458 1261 2526 repertarum

79 2549 250 2613 ediderunt
277 2552 424 2610 Wrscmm
455 2559 487 2611 et
514 2551 668 2628 Faunum,
710 2547 924 2628 ‘inscriptions
952 2551 1119 2612 recaoiiiies
1149 2554 1263 2615 obel-

74 2653 179 2733 phes‚’
204 2654 288 2715 Paris
314 2653 412 2730 l863;
454 2671 589 2731 quarum
619 2651 862 2732 inscriptionum
894 2652 1030 2713 sedecim
1054 2660 1176 2714 tantum
1200 2656 1262 2717 iam

78 2766 171 2818 antea
194 2775 251 2837 per
274 2756 423 2818 Conuium
447 2765 479 2816 et
493 2754 675 2816 Michaelem
696 2752 817 2833 publici
841 2753 920 2815 iuris
943 2753 1040 2816 laetae
1064 2765 1165 2817 erant.
1206 2758 1262 2821 sed

78 2879 122 2919 ex
144 2860 276 2940 ingenti,
301 2878 382 2938 quae
407 2866 520 2934 exstat,
546 2857 748 2919 multitudine
771 2857 934 2918 titulorum
949 2857 1171 2937 Delphioorum
1193 2860 1262 2923 sui-

78 2961 154 3023 iecit
182 2981 297 3042 paucos
326 2970 489 3041 excerptos
519 2961 593 3023 huic
622 2959 759 3022 delectui
790 2960 949 3039 inserere,
984 2962 1131 3040 quoniam
1154 2983 1262 3026 omnes

77 3065 177 3126 trium
193 3064 260 3127 lere
277 3067 455 3144 specierum
470 3062 679 3126 similitudine
696 3062 1018 3142 comprehenduntur.
1049 3083 1122 3125 nam
1136 3075 1190 3126 aut
1205 3067 1264 3128 de·
1285 3071 1288 3080 '

77 3178 165 3229 creta
179 3164 442 3248 Amphictyonum
465 3167 624 3228 continent
639 3173 693 3228 aut
708 3164 837 3227 decreta
852 3166 986 3227 civitatis
1001 3167 1194 3246 Delphorum
1209 3181 1263 3231 aut

76 3273 216 3333 rationes
239 3271 517 3332 manumissionum
541 3269 581 3330 ab
603 3267 784 3330 hominibus
811 3269 944 3349 privatis
966 3267 1116 3332 redditas.
1157 3291 1262 3352 neque

75 3375 232 3436 sermonis
268 3374 455 3454 antiquitate
491 3372 608 3453 singuli
641 3373 724 3433 tituli
754 3372 887 3434 multum
918 3373 1003 3432 inter
1031 3391 1066 3433 se
1096 3372 1258 3449 differunt,

76 3477 201 3558 quippe
230 3495 364 3556 quorum
394 3476 501 3538 nullus
523 3478 617 3538 tertio
639 3495 668 3536 a.
696 3475 769 3536 Chr.
795 3475 901 3538 seculo
929 3478 1082 3546 vetustior
1103 3477 1264 3556 putandus

75 3584 132 3642 sit.
178 3589 210 3642 et
239 3581 267 3642 ei
295 3578 442 3658 quidem,
475 3597 553 3658 quos
581 3579 617 3638 E.
650 3575 841 3639 Curtius'in
876 3575 1060 3658 ‘'Anecdotis
1088 3580 1263 3660 Delphicis‘

73 3682 191 3762 edidit,
218 3684 277 3762 ipsi
295 3683 400 3743 seculo
416 3684 509 3743 tertio
524 3680 687 3743 tribuendi
704 3690 788 3742 sunt.
829 3684 991 3758 cientem,
1017 3701 1095 3761 quos
1112 3685 1264 3746 Wescher

72 3797 109 3850 et
128 3788 258 3849 Foueart
280 3784 461 3860 ediderunt,
487 3783 626 3846 secundo
648 3804 676 3846 a.
698 3785 770 3844 Chr.
790 3785 895 3846 seculo
919 3786 1099 3864 superiores
1114 3807 1176 3848 uon
1193 3807 1262 3850 esse

71 3888 246 3965 videntur,
280 3890 351 3968 quia
383 3889 416 3948 in
440 3889 487 3949 eis
510 3897 543 3948 et
564 3888 708 3950 nonnulli
731 3889 806 3963 riri,
836 3889 891 3967 qui
915 3907 952 3948 ea
973 3897 1077 3950 aetate
1100 3890 1260 3968 vixerunt,

71 4002 363 4056 commemorantur
386 4001 417 4053 et
440 3994 566 4053 nomina
589 3992 716 4072 propria
739 4011 779 4052 cx
801 4010 945 4052 sermone
968 3993 1104 4053 Romano
1127 3995 1264 4073 repetita

71 4116 142 4160 non
165 4115 264 4177 pauca
288 4098 504 4176 reperiuntur.
545 4096 577 4156 in
594 4095 644 4155 his
660 4094 890 4157 recentioribus
906 4095 1165 4184 inscriptionibus
1181 4115 1262 4176 quae

71 4208 207 4284 propter
230 4201 382 4261 rationem
400 4200 634 4278 grammaticam
651 4197 867 4259 memorabilia
886 4217 955 4260 esse
970 4198 1171 4276 videbantur,
1199 4201 1263 4261 col-

72 4306 155 4383 legit
178 4312 210 4364 et
232 4302 402 4364 illustravit
425 4301 461 4362 G.
489 4301 625 4381 Crianos,
650 4301 763 4362 «Ueber
785 4301 832 4362 dic
847 4301 1036 4382 sprochliche
1051 4303 1193 4364 cusbcato
1209 4303 1263 4364 dcr

72 4425 138 4468 recu
154 4405 324 4467 erttdecirtcrt
340 4405 530 4486 delphischcrt
546 4405 739 4486 iosohristorto
755 4405 785 4464 in
804 4405 955 4466 «Berichte
970 4406 1025 4466 der
1036 4405 1146 4488 horripl.
1161 4407 1260 4468 sltehs.

74 4509 277 4593 Geseiischost
291 4508 347 4571 der
367 4505 636 4590 wissenschaften»
661 4508 753 4587 taor,
778 4528 810 4588 p.
830 4508 970 4588 erosqq.
