3238 5198
665 299 805 349 Messenia.
1268 300 1322 362 -23

249 495 301 566 τὰν
324 497 481 565 ἐπισκευάν
503 505 558 564 τῶν
581 501 612 563 ἐν
634 505 677 586 τῷ
695 499 711 586 Η
725 499 911 587 Καρνείασίῳ
932 498 982 565 καί
999 495 1038 588 μή
1056 498 1281 590 ἀναχρήσάσθω

250 605 292 676 εἰς
315 592 389 668 άλλο
411 595 518 689 μηθέν,
537 605 626 690 μέχρι
650 598 685 668 ἂν
707 605 906 684 ἐπιτελεσθεῖ,
924 600 1001 670 ὑσων
1023 605 1113 693 χρεία
1135 603 1196 670 ἐστί
1216 605 1282 671 ποτὶ

251 704 303 773 τάν
326 711 385 771 τῶν
401 707 567 792 μυστηρίων
584 708 764 787 συντέλειαν,
791 708 866 794 μηδὲ
881 705 1032 796 χραίψάτω
1049 707 1155 794 μηθείς
1172 705 1279 795 δόγμα,

250 806 295 876 δτι
324 812 370 875 δεῖ
399 814 493 876 ταῦτα
514 806 552 875 τά
575 807 706 898 διάφορα
729 813 785 896 είίς]
807 805 881 877 ἄλλο
902 837 932 876 τι
952 808 1222 900 καταχρήσασθαι,
1254 816 1280 878 εἰ

250 913 283 980 δέ
307 911 360 999 μή,
384 909 416 978 τά
439 939 471 978 τε
492 913 605 1001 γραφέν
629 911 731 988 ἀτελές
753 915 829 980 ἔστω
852 914 903 980 καί
925 910 940 980 ὑ
963 911 1080 1003 γράψας
1096 912 1280 983 ἀποτεισάτω

251 1015 395 1104 δραίχμάς
426 1017 586 1104 δισχιλίας,
611 1014 720 1103 ὁμοίως
744 1018 776 1084 δέ
799 1017 850 1084 καί
873 1012 888 1084 δ
912 1019 1039 1104 ταμίας,
1070 1012 1116 1085 ὅτι
1137 1043 1176 1084 κα
1198 1021 1280 1104 {fio}-

251 1117 360 1201 διοίσει,
386 1123 507 1186 διπλοῦν
531 1117 581 1185 καί
603 1119 741 1209 δραχμάς
765 1121 931 1209 δισχιλίας,
956 1120 1007 1186 καί
1029 1122 1057 1186 οί
1080 1120 1217 1187 δικασταί
1240 1119 1280 1207 μή

197 1237 229 1288 65
253 1220 449 1312 οἰφαιρυιίντω
466 1225 574 1310 μηθέν,
599 1222 649 1289 καί
669 1221 707 1290 τά
728 1225 870 1291 πίπτοντα
889 1230 894 1306 Ι
913 1227 947 1289 ἐκ
968 1231 1077 1291 ταυτδιν
1092 1229 1145 1292 τᾶν
1161 1225 1280 1312 κρισίων

251 1324 380 1415 διάφορα
403 1323 561 1414 ὑπαρχέτω
581 1329 638 1412 [εθς
653 1325 706 1393 τάν
722 1326 881 1394 ἐπισκευᾶν
901 1335 957 1393 τῶν
972 1330 1003 1393 ἐν
1018 1333 1060 1415 τῷ
1076 1325 1279 1416 Καρνειασίιρ.

249 1421 320 1498 ’ὅταν
351 1431 384 1496 δὲ
412 1431 597 1497 ἐπιτελεσθεῖ
623 1423 703 1496 ὑσων
733 1431 822 1519 χρεία
844 1429 904 1496 ἐστὶ
925 1429 990 1497 ποτὶ
1011 1429 1044 1497 τδ
1068 1433 1223 1512 συνίτελεῖν
1245 1429 1282 1497 τδι

252 1531 415 1622 μυστήρια,
448 1531 604 1621 ὑπαρχέτω
634 1531 671 1599 τὰ
700 1535 841 1600 πίπτοντα
871 1531 1003 1622 διάφορα
1031 1539 1087 1600 τῶν
1116 1535 1281 1622 μυστηρίων

251 1641 293 1712 είς
314 1634 370 1711 τὰς
388 1639 446 1720 τδής
468 1633 590 1721 πάίλεως
612 1634 746 1711 ἐσόδους.
766 1675 803 1686 -
821 1635 966 1724 Θυμάτων
982 1642 1138 1726 παροχᾶς·
1164 1639 1192 1703 οί
1209 1636 1282 1726 ίεροί

251 1739 325 1827 μετὰ
346 1739 379 1806 τὸ
401 1742 641 1827 καήτασταθῆμεν
664 1738 897 1828 προκαριίξσντες
919 1738 1047 1828 έχδάντω
1069 1737 1123 1807 τάν
1144 1738 1282 1830 παροχάν

249 1849 304 1910 τῶν
326 1842 478 1931 θυμάτων.
506 1839 544 1909 ιὺν
569 1847 614 1910 δεῖ
636 1841 766 1911 θύεσθαι
787 1844 838 1910 καί
859 1845 1062 1933 παρίστασθαι
1083 1845 1115 1910 ἐν
1137 1847 1198 1919 τοῖς
1221 1871 1282 1932 μυ·-

251 1950 399 2037 στηρίοις,
431 1948 481 2014 καὶ
510 1945 547 2012 τά
577 1951 619 2022 εἰς
641 1944 708 2022 τοὺς
728 1947 732 2035 Ι
752 1945 946 2036 καθαρμούς,
977 1946 1160 2035 ἐγδιδάντες,
1193 1941 1228 2015 άν
1249 1974 1281 2014 τε

251 2055 331 2120 δοκεῖ
353 2054 502 2140 συμφέρον
525 2051 624 2138 εήμεν,
652 2051 696 2117 ἑνί
718 2049 855 2136 κατάίτδ
879 2048 950 2118 αὑτὸ
972 2048 1070 2118 πάντα
1091 2048 1128 2119 τὰ
1148 2049 1276 2139 θέματα,

251 2151 286 2223 ἄν
308 2183 340 2222 τε
362 2154 439 2222 κατά
462 2157 560 2242 μέρος,
586 2160 628 2243 τῷ
650 2153 682 2220 τὸ
702 2152 859 2243 ἐλάχιστον
875 2152 1065 2244 ὑφισταμένῳ
1084 2155 1088 2244 Ι
1109 2153 1283 2244 λάμψεσθαι
1346 2242 1349 2248 .

250 2257 404 2347 διάφορον.
451 2259 514 2347 ἔστι
543 2259 576 2324 δὲ
599 2251 619 2324 δι
642 2261 687 2324 δεῖ
712 2260 855 2346 παρέχειν
885 2257 941 2347 πρὸ
968 2264 1019 2325 τοῖν
1049 2253 1200 2348 ἄρχεσθαι
1224 2263 1280 2324 τῶν

118 2417 121 2425 .
251 2365 436 2450 μυστηρίων,
473 2356 564 2450 άρνας
595 2359 647 2428 δὺο
676 2358 817 2442 λευκοιίς,
853 2362 901 2427 ἐπὶ
930 2366 981 2428 τοὺ
1010 2365 1169 2452 καθαρμοῦ
1199 2361 1280 2450 κριδν

197 2482 229 2530 70
253 2460 398 2555 εὑχρουν,
435 2463 486 2530 καί
516 2457 589 2532 ὑταν
609 2466 613 2552 ί
633 2467 664 2531 ἐν
697 2469 741 2552 τῷ
770 2462 889 2553 θεάτρῳ
918 2467 1077 2553 καθαίρει,
1111 2466 1281 2554 χοιρίσκους

248 2572 338 2657 τρεῖς,
364 2567 436 2656 ὑπὲρ
458 2564 525 2642 τοὺς
546 2565 759 2656 πρωτομὺστας
783 2562 875 2655 άρνας
891 2565 1008 2648 ἑκατόν,
1032 2571 1063 2634 έν
1080 2569 1164 2656 δἐτήι
1178 2573 1281 2655 πομπᾷ

250 2670 386 2760 Δάματρι
407 2679 459 2737 σδν
483 2673 616 2752 ἐπίτοκα,
641 2674 701 2746 τοῖς
725 2672 758 2737 δὲ
774 2669 913 2758 μεγάλοις
933 2675 938 2755 Ι
957 2673 1039 2747 θεοῖς
1055 2669 1183 2758 δάμαλιν
1200 2676 1280 2759 διετῆ

251 2781 313 2854 σῦν,
339 2773 467 2863 Ἑρμᾶνι
488 2772 583 2862 κριόν,
614 2771 776 2840 Ἀπόλλωνι
798 2773 938 2863 Καρνείῳ
960 2771 1085 2862 κάπρον,
1110 2771 1199 2862 ‘Am
1222 2768 1277 2840 άϊν.

250 2876 265 2944 ὑ
290 2879 323 2945 δέ
345 2875 538 2964 έχδεξάμενος
561 2873 779 2965 κατεγγυειίσας
800 2877 867 2943 ποτί
889 2876 956 2952 τοὺς
980 2875 1075 2966 ίεροὺς
1098 2879 1222 2966 λαίβέτω
1244 2874 1281 2943 τά

251 2979 381 3070 διάφορα
409 2980 461 3047 καὶ
489 2977 660 3067 παριστάτω
681 2979 719 3046 τά
741 2977 862 3067 θύματα
885 2978 1004 3069 εόίερσ,
1035 2978 1175 3069 καθαρά,
1207 2977 1279 3046 ὑλά-

250 3090 347 3173 κλαρα
369 3084 420 3150 καί
443 3081 615 3156 ἐπιδειξάτω
637 3085 697 3158 τοῖς
721 3087 810 3173 ἱεροῖς
832 3082 887 3172 πρὸ
912 3081 1024 3172 διμερᾶν
1048 3086 1120 3150 δέκα
1142 3087 1198 3150 τῶν
1220 3111 1280 3170 μυ-

250 3189 393 3276 στηρίων,
430 3189 490 3261 τοῖς
509 3186 515 3274 ί
536 3187 568 3252 δὲ
603 3188 845 3272 δυκιμασθέντοις
869 3176 1001 3273 Ισαμεῖον
1035 3185 1220 3276 ἐπιβαλόντω
1253 3189 1281 3252 οἱ

250 3292 322 3380 ἱεροί
344 3291 396 3357 καί
417 3290 454 3356 τὰ
476 3292 685 3376 σαμειωθέντα
706 3287 876 3378 παριστάτω
899 3289 915 3356 ὑ
938 3289 1140 3377 ἐχδεξάμενος.
1188 3285 1223 3356 άν
1247 3291 1280 3358 δὲ

251 3394 291 3482 μή
313 3401 492 3483 παριστᾶται
514 3393 562 3459 ἐπί
584 3392 637 3460 τὰν
661 3396 858 3480 δοκιμασίΙαν,
882 3391 1057 3482 πρασσόντω
1080 3397 1108 3459 οί
1124 3393 1196 3481 ίεροί
1213 3391 1280 3466 τοὺς

250 3495 373 3587 έχγάους
396 3496 467 3564 αὑτδ
489 3495 540 3564 καί
560 3495 592 3563 τδ
615 3493 721 3584 ήμισυ,
745 3497 781 3564 τά
805 3499 838 3564 δὲ
857 3495 976 3584 θέματα
993 3495 1076 3565 αὑτοί
1091 3494 1276 3586 παρεχάντω,

196 3619 228 3668 75
251 3601 301 3670 καί
324 3600 381 3669 σίπδ
400 3608 462 3684 τῶν
482 3603 677 3690 πραχθέντων
693 3598 846 3691 διαφόρων
862 3598 1093 3688 κομισάσθωσαν
1108 3607 1111 3680 ί
1125 3600 1179 3668 τάν
1193 3626 1280 3688 χινο-
1361 3670 1364 3675 ,

251 3709 341 3793 μέναν
365 3703 499 3772 δαπάναν
522 3708 564 3780 εἰς
579 3704 616 3771 τά
631 3702 763 3792 θύματα.
777 3743 821 3754 -
832 3705 975 3795 Τεχνιτᾶν
992 3709 1033 3780 είς
1048 3703 1100 3779 τὰς
1115 3706 1278 3794 χορεείας·

250 3813 278 3876 οἱ
308 3809 380 3897 ἱεροί
412 3805 626 3897 προχραφόντω
658 3806 726 3874 κατ’
763 3806 895 3875 ἐνιαυτὸν
928 3805 996 3882 τοὺς
1019 3805 1281 3896 λειτουργήσοντας

250 3915 323 3999 ἔνίτε
350 3915 415 3986 ταῖς
443 3913 560 3987 θυσίαις
588 3913 639 3978 καί
670 3913 838 4001 μυστηρίοις
866 3908 997 3998 αὐλητὰς
1019 3910 1070 3978 καί
1091 3908 1276 4000 κιθαριστάς,

251 4013 338 4091 ὑσους
364 4043 403 4082 κα
425 4013 599 4104 εὑρίσκωντι
621 4015 760 4092 εὐθέτους
783 4013 988 4104 ὑπάρχοντας,
1021 4014 1071 4082 καί
1093 4018 1121 4081 σί
1142 4040 1279 4103 προγρα-

251 4123 353 4209 φέντες
387 4116 616 4208 λειτουργοιίντω
637 4121 641 4208 ί
660 4123 720 4195 τοῖς
749 4123 839 4194 θεοῖς.
865 4159 909 4167 -
924 4117 1144 4206 Ἀδικημάτων·
1177 4114 1217 4197 ’δν
1247 4121 1279 4185 δέ

250 4251 292 4299 τις
323 4227 354 4290 ἐν
382 4227 447 4297 ταῖς
470 4221 613 4312 ἁμέραις,
645 4227 676 4290 ἐν
700 4225 746 4299 αἷς
770 4224 854 4291 αἵτε
877 4225 981 4290 θυσίαι
1002 4223 1052 4290 καί
1073 4221 1110 4289 τά
1134 4220 1281 4311 μυστήρια
1340 4303 1341 4306 ¹
1465 4251 1467 4255 ’

251 4330 392 4414 γίνονται,
419 4325 483 4414 ἁλῷ
506 4325 565 4394 εἴτε
587 4326 735 4416 κεκλεβιὺς
758 4326 817 4395 ε’ίτε
840 4322 914 4395 άλλο
936 4354 965 4395 τι
986 4325 1128 4415 άδίκηίμα
1150 4353 1280 4413 πεποιή-

246 4429 321 4510 Δκοίς,
347 4430 468 4519 ἀγέσθω
490 4431 538 4497 ἐπὶ
558 4431 626 4508 τοὺς
651 4429 757 4521 ἱερούς,
782 4432 833 4499 καί
856 4429 871 4497 ὑ
895 4432 947 4518 μέν
969 4429 1137 4519 ἐλεύθερος,
1165 4426 1201 4496 ἂν
1216 4452 1277 4497 κα-Ι
