3172 5198
713 315 730 362 1.
757 313 950 378 inscriptiones
963 315 1086 368 Dorione.
1408 314 1491 378 [is-

414 541 560 605 γραιτται,
588 514 774 584 ἀποτεισάτω
796 520 919 592 ἕκαστος
943 515 1038 584 αὐτῶν
1061 515 1210 605 στατήρας
1228 517 1234 605 Ι
1251 517 1447 604 πεντήκοντα,

416 623 445 686 oi
462 617 723 709 μὲνἹσραποτνίοι
736 618 843 708 κόσμοι
858 621 1028 709 Πριανσιῶν
1043 626 1081 708 τᾷ
1094 621 1196 705 πόλει,
1214 620 1220 709 Ι
1237 624 1265 686 οἱ
1280 622 1314 688 δὲ
1330 622 1448 709 [Ipsor-

417 725 477 790 σίοι
498 721 604 810 κόσμοι
620 721 832 813 Ἱεραποτνίων
854 729 891 811 τᾷ
914 721 1010 792 πόλει.
1058 729 1090 791 αἰ
1113 727 1146 791 δέ
1167 727 1196 790 τί
1217 751 1257 791 uo
1275 725 1280 812 Ι
1298 721 1370 812 δόξῃ
1386 722 1451 811 ἀμ·

363 839 396 890 75
419 829 560 915 φοτάραις
590 831 655 902 ταῖς
684 825 788 896 πόλισι
820 831 1042 917 βιολοοομάναις
1070 828 1119 895 ἐπὶ
1141 833 1184 916 τῷ
1201 829 1206 916 Ι
1224 833 1310 915 κοινᾷ
1332 830 1452 916 σομφέ·

419 956 497 1018 ροντι
519 929 765 1020 διορθώσασθαι,
791 928 986 1020 eripuerisne
1011 928 1041 998 τὸ
1058 933 1247 1019 διορΙθωθάν.
1280 928 1452 997 στασάντων

417 1034 451 1100 δὲ
479 1032 532 1110 τὰς
561 1032 672 1109 στάλας
700 1039 728 1102 οἱ
757 1032 944 1109 ἑνεστακάτος
974 1038 1112 1124 ἑΙιιατέροι
1144 1032 1251 1122 κόσμοι
1278 1032 1322 1102 ἐπ’
1354 1033 1450 1102 αὐτῶν

417 1135 603 1224 κοσμάιτων,
640 1141 669 1205 οἱ
700 1140 751 1225 μὲν
775 1136 984 1227 ἹεραποΙτνίοι
1006 1143 1037 1206 ἐν
1060 1144 1103 1227 τῷ
1126 1142 1197 1227 ἱερῷ
1219 1144 1272 1213 τᾶς
1291 1137 1450 1212 Ἀθαναίας

418 1245 470 1315 τᾶς
493 1238 643 1316 Πολιάδος
665 1243 717 1308 καὶ
740 1245 767 1307 οἱ
786 1242 790 1329 Ι
810 1242 968 1330 Πριανσίοι
998 1247 1028 1309 ἐν
1057 1247 1101 1330 τῷ
1124 1245 1196 1330 ἱερῷ
1217 1247 1270 1316 τᾶς
1290 1232 1449 1315 Ἀθαναίας

365 1357 398 1408 80
419 1349 471 1418 τᾶς
505 1342 666 1420 Πολιάδος.
688 1342 850 1434 Ιδττοτέροι
882 1349 916 1412 δέ
948 1372 989 1411 κα
1012 1343 1052 1432 μὴ
1087 1343 1231 1412 στάσιυντι
1264 1342 1365 1418 καθὼς
1395 1347 1449 1432 γέ-

417 1473 565 1536 γραπται,
599 1445 826 1535 άπολτεισάντων
855 1447 891 1515 τὰ
914 1446 993 1515 αὐτοὶ
1015 1446 1164 1537 πρόστιμα
1185 1446 1287 1523 καθὼς
1308 1449 1449 1536 καὶπερὶ

417 1556 472 1618 τῶν
490 1551 496 1640 Ι
514 1554 638 1619 δικαίων
661 1556 836 1641 γέγραπται.

315 1759 435 1824 Foedus
450 1762 535 1824 inter
550 1763 771 1844 llierepylnios
787 1772 818 1824 et
834 1764 990 1852 Priensios
1006 1761 1132 1842 leolum,
1154 1781 1171 1824 e
1193 1762 1348 1824 Boeokhio
1364 1764 1493 1824 exeunti

317 1868 422 1929 seculo
443 1884 472 1928 e.
499 1867 573 1928 Chr.
598 1868 690 1928 terlio
712 1865 875 1928 tribuitur.
922 1877 1028 1929 ulrum
1059 1867 1117 1927 hoo
1144 1866 1307 1946 exemplar
1329 1866 1496 1946 Hierapyt-

312 1990 372 2032 nee
393 1987 434 2032 en
457 1971 578 2031 Priensi
601 1971 736 2050 positum
761 1966 872 2049 luerit,
900 1968 1067 2031 diiudicari
1089 1987 1151 2030 non
1173 1977 1285 2050 polest.
1311 2003 1354 2014 ·-

732 2308 766 2378 3.
802 2303 953 2378 Ilooroto
974 2308 1070 2377 Teio.

397 2487 451 2549 Tei
472 2505 571 2569 prope
593 2485 743 2569 oppidum
768 2487 853 2568 quod
875 2505 961 2549 nuno
984 2494 1031 2548 esi
1046 2488 1171 2568 Sigenik
1193 2495 1318 2568 reperte
1340 2495 1414 2548 sunl
1430 2505 1491 2547 non

313 2609 412 2672 peuea
434 2591 561 2654 decreta
582 2591 715 2652 alierum
739 2593 916 2668 civitatum,
954 2589 1071 2671 quibus
1102 2591 1224 2672 asylum
1245 2590 1375 2663 Bacchi,
1409 2588 1493 2670 quod

312 2695 366 2757 ‘lei
390 2703 475 2772 erat,
500 2695 713 2757 confirmetur.
739 2694 891 2775 pleraque
914 2694 1025 2756 horum
1049 2693 1250 2757 decretorum
1268 2693 1404 2776 proiecta
1419 2701 1493 2755 sunl
1576 2761 1577 2780 ἢ

312 2818 353 2861 ex
378 2797 504 2880 oppidis
531 2795 748 2860 Cretensibus.
785 2815 822 2858 ee
858 2815 1008 2878 response
1036 2807 1110 2860 sunt
1145 2797 1185 2884 ed
1214 2797 1293 2860 dues
1321 2797 1492 2878 legationes

312 2904 474 2980 Teiorum,
508 2920 643 2982 querum
665 2901 757 2962 elteri
779 2897 982 2981 Apollodotus
1006 2909 1037 2961 et
1061 2900 1180 2964 Colotes
1202 2902 1293 2963 elteri
1317 2899 1491 2962 Herodotus

313 3015 345 3068 et
366 3006 522 3076 Menecles
544 3003 763 3086 praefuerunt.
810 3001 1030 3084 Apollodotum
1058 3013 1089 3066 et
1112 3005 1249 3067 Colotem
1271 3023 1353 3066 enno
1377 3005 1436 3064 493
1461 3023 1489 3064 a.

312 3110 386 3172 (ihr.
412 3111 445 3170 in
467 3107 582 3190 oppida
605 3107 768 3170 Cretensis
791 3108 902 3169 missos
931 3126 1000 3169 esse
1022 3108 1092 3170 veri
1114 3109 1216 3170 simile
1239 3116 1302 3188 est,
1339 3108 1411 3188 quia
1435 3106 1491 3169 de-

312 3222 432 3276 cretum
466 3213 673 3274 Romanorum
708 3209 758 3292 (C.
792 3211 814 3270 i.
846 3209 900 3271 Gr.
934 3210 1033 3291 3045)
1073 3213 1177 3292 ipsum
1211 3229 1337 3292 quoque
1369 3210 1488 3291 asylum

312 3317 421 3379 Teium
450 3315 638 3378 confirmans
666 3314 724 3374 hoo
746 3333 828 3376 enno
857 3313 973 3376 leolum
1003 3325 1062 3378 est.
1120 3314 1295 3377 Herodotus
1326 3322 1432 3376 entem
1461 3323 1490 3374 et

313 3420 468 3482 Menecles
490 3420 619 3499 triginta
641 3427 694 3480 eut
717 3417 812 3480 etiem
834 3417 982 3498 pluribus
1010 3420 1102 3482 annis
1130 3428 1200 3500 post
1229 3419 1316 3480 missi
1339 3436 1408 3479 esse
1430 3436 1489 3497 pu-

311 3523 398 3586 tendi
427 3531 519 3600 sunl,
550 3521 625 3602 quie
648 3521 681 3582 in
703 3520 865 3583 nonnullis
886 3520 1022 3583 deorelis
1044 3531 1304 3584 commemoretur
1331 3514 1364 3584 τὸ
1394 3512 1489 3604 δόγμα

310 3619 343 3690 τὸ
365 3623 478 3711 γραφὲν
500 3618 555 3688 ὑπὸ
576 3625 632 3688 τῶν
653 3617 806 3708 προγόνων
833 3625 894 3702 (ol,
920 3623 970 3708 25)
997 3626 1050 3687 vel
1064 3625 1179 3687 similia
1205 3623 1267 3707 (60,
1289 3626 1339 3685 ll.
1358 3624 1410 3700 ol,
1438 3623 1485 3683 lo.

315 3732 364 3802 62,
386 3731 437 3792 ll.
455 3731 507 3792 22.
534 3730 586 3806 63,
614 3727 664 3789 47.
682 3726 763 3810 30.).
795 3728 955 3808 complure
986 3729 1072 3790 enim
1100 3727 1215 3809 oppida
1243 3747 1313 3790 oum
1337 3747 1373 3789 eo
1395 3745 1486 3802 enno,

312 3853 375 3915 qno
398 3833 571 3896 Herodotus
592 3841 623 3894 et
645 3830 800 3894 lleneoles
821 3831 914 3910 legali
937 3840 1109 3910 renerent,
1141 3831 1230 3912 prius
1253 3831 1415 3894 decretum
1438 3848 1489 3891 re-

312 3946 482 4016 novarent,
509 3935 587 3998 illud
608 3936 658 3998 his
679 3934 787 3996 verbis
817 3943 1151 3996 commemoraverunt.
1176 3933 1262 4014 ¹hine
1285 3934 1412 3997 deerele
1434 3952 1490 3995 ex-

312 4049 396 4103 stent
411 4039 606 4116 Gnosiorum,
630 4036 877 4119 λριοτιιοοτιιιιι,
902 4037 1119 4117 essenorum,
1136 4034 1305 4100 Aroedum.
1334 4036 1490 4118 equibus

311 4142 469 4206 Areedum
498 4143 634 4204 solorum
661 4151 832 4223 utrumque
862 4141 985 4222 reoepi,
1017 4159 1087 4202 oum
1119 4141 1243 4221 relique
1264 4142 1360 4203 nimis
1382 4121 1505 4202 mutilo*

314 4255 429 4309 esseni.

399 4349 603 4431 Apossrephe,
632 4346 749 4428 quibus
778 4348 953 4411 Boeokhius
982 4352 1015 4410 in
1044 4349 1094 4410 his
1122 4349 1221 4412 titulis
1252 4347 1387 4411 edendis
1415 4367 1492 4410 nsns

313 4462 377 4530 est,
417 4469 528 4533 perum
557 4459 700 4514 eoourete
736 4449 814 4514 leole
853 4461 954 4514 erent.
989 4455 1095 4533 itaque
1123 4452 1219 4518 mulie
1252 4461 1284 4515 el
1314 4451 1493 4514 emendarit
