3172 5198
75 326 157 389 -84]
309 311 311 320 ¹
615 325 720 389 Delphi.
1193 328 1252 388 105
1343 301 1345 306 Ι

71 533 234 612 antiquius
257 550 345 606 esse,
371 532 445 610 quia
468 530 621 593 dialectus
645 533 676 592 in
701 533 869 593 παλλακίσιν
893 542 950 610 est,
978 551 1168 612 quamquam
1192 553 1252 593 non

71 636 184 697 leviter
207 645 390 714 temperata.

71 910 115 976 83
138 913 269 993 Delphis
293 915 324 973 in
349 932 438 974 muro
461 913 637 994 polygoniO.

612 1152 707 1234 θείνίί·
729 1154 733 1234 ί

173 1304 247 1370 Ἐπί
270 1304 403 1372 Νικαΐδα
426 1299 587 1391 ἄρχοντος,
619 1303 907 1392 ίερομνημονοόντων
932 1305 1073 1372 Αἰτωλῶν
1095 1307 1207 1392 Στομᾶ,

178 1410 361 1491 Φυσκίωνος,
388 1405 574 1494 Φιλοδοίμου,
602 1406 823 1498 Πολεμάρίχοο,
843 1407 1046 1497 Ἀλεξάνδρου,
1066 1407 1207 1495 Σιμόλου,

171 1510 351 1599 Ἀχημονος,
377 1513 567 1599 Στραταγοῶ,
594 1513 748 1604 Σθέννερς,
770 1512 943 1601 Ἀμφίκλου,
970 1513 1059 1596 Χίου,
1085 1515 1211 1602 Δελφῶν

142 1631 157 1678 5
181 1614 343 1704 Πραόχου,
364 1616 367 1694 ί
385 1613 607 1701 Κλεομάντιος,
634 1616 775 1682 Βοιωτῶν
794 1615 1001 1705 Ἀνδροκλέος,
1023 1615 1207 1705 Ἀρίστωνος,

176 1721 309 1786 Φωκέων
332 1717 513 1807 Νικάνδρου,
538 1722 622 1792 ἔδοξε
644 1723 704 1794 τοῖς
721 1719 924 1809 ίερομνήμοίσι
945 1722 996 1787 καί
1018 1724 1079 1796 τοῖς
1096 1720 1210 1810 ἀγορα-

178 1826 275 1910 τροῖς·
306 1821 409 1909 ἐπειδὴ
433 1823 605 1908 Καλλικλῆς
630 1822 866 1912 ίεροκηρυκεόων
889 1831 931 1912 τῷ
953 1831 1044 1913 κοινῷ
1067 1829 1210 1914 συνεδρίῳ

176 1934 233 1992 τῶν
256 1924 474 2015 ’Ἀμφικτυόνων
492 1933 496 2014 Ι
514 1930 644 1993 διατελεῖ
672 1931 776 2016 χρείας
804 1925 1008 2016 παρεχόμενος
1037 1931 1098 2002 τοῖς
1128 1933 1209 2017 ἱερο-

180 2027 309 2117 μνήμοσι
331 2032 383 2096 καὶ
405 2033 465 2104 τοῖς
477 2027 671 2120 Ἀμφικτύοσι
691 2033 817 2106 καὶτοῖς
834 2024 1090 2119 άλλοιςἝλλησιν
1108 2034 1111 2109 ί
1129 2026 1209 2099 διπα-

176 2161 221 2200 σιν
249 2131 450 2220 ἂνενκλήτως,
485 2137 568 2208 ἔδοξε
590 2138 651 2210 τοῖς
675 2133 869 2222 ίερομνήμοσι
891 2139 1046 2202 ἐπαινέσαι
1068 2162 1099 2201 τε
1121 2136 1208 2202 Καλ-

176 2243 262 2324 λικλῐιΙ
287 2238 474 2312 Καλλικλέος
493 2238 660 2326 ἈδηναῖΙον
690 2243 828 2306 οἰκοῦντα
858 2245 888 2306 ἐν
912 2239 1044 2306 Αἰτωλία
1067 2241 1117 2306 καί
1141 2268 1209 2306 στε-

176 2350 315 2430 φανῶσαι
345 2340 460 2430 δάφνης
489 2340 626 2431 στεφάνῳ
653 2341 737 2431 παρὰ
763 2351 815 2410 τοῦ
839 2347 911 2410 θεοῦ
934 2346 985 2410 καί
1008 2345 1085 2410 εἶναι
1107 2343 1207 2439 αότῷί

174 2448 225 2513 καί
247 2443 379 2533 ἐκγόνοις
400 2448 573 2534 προδικίαν,
608 2443 794 2535 ἀσφάλειαν,
826 2445 966 2531 ἀσυλίαν,
1000 2447 1137 2514 ἀτέλειαν
1159 2450 1211 2514 καί

120 2564 151 2614 10
173 2553 334 2638 προεδρίαν
350 2555 389 2638 ἐμ
403 2557 477 2616 πᾶσι
492 2553 553 2624 τοῖς
569 2548 692 2637 ἀγῶσιν,
713 2555 718 2628 Ι
736 2551 780 2626 οἷς
796 2553 930 2617 τιθέασιν
947 2554 974 2616 οἱ
986 2549 1207 2639 Ἀμφικτύονες.

67 2744 125 2805 Ed.
151 2745 187 2804 E.
214 2744 339 2805 (λυοτιιιο
362 2741 423 2805 λιι.
448 2745 485 2804 Ι).
512 2746 563 2806 42.
589 2781 631 2788 -
661 2745 716 2806 Est
744 2747 923 2825 exemplum
954 2745 1153 2807 decretorum
1176 2743 1252 2807 Am-

67 2847 271 2928 phictyonum
298 2847 384 2908 tertii
412 2866 441 2907 a.
465 2847 537 2907 Chr.
573 2847 687 2926 seculi,
719 2848 825 2928 qualia
854 2849 1014 2928 complura
1038 2849 1165 2910 Curtius
1187 2849 1208 2908 Ι.
1228 2848 1249 2908 Ι.

68 2949 178 3011 edidit.
227 2949 383 3012 dialectus
407 2969 514 3011 eorum
536 2953 585 3011 vix
607 2951 712 3031 aliqua
736 2952 871 3014 Dorismi
894 2953 1028 3032 vestigia
1050 2953 1199 3013 servavit.

67 3238 113 3307 84
135 3243 270 3304 Marmor
291 3241 459 3322 oblongum
483 3244 629 3305 effossum
652 3243 784 3323 Delphis
806 3262 835 3304 a.
855 3244 949 3304 4833.

467 3481 552 3566 [Θίεοί
573 3476 679 3568 τόίρραν
704 3479 854 3568 ἀγαθάνί

171 3631 345 3724 [Ἀρίχοντος
360 3633 556 3723 Σωσιπάτρου
571 3642 623 3701 τοῦ
635 3636 716 3724 Διαψ
732 3686 762 3701 ..
783 3663 821 3724 αρ
840 3688 846 3700 .
864 3663 901 3703 τ.
920 3689 926 3700 .
944 3688 951 3700 .
972 3635 1210 3725 [βουίίλείυίόντων

172 3738 224 3805 τὰν
246 3737 365 3827 πρώταν
389 3736 535 3826 ἑξάμηνον
547 3735 730 3825 Ἀντιγέίνεος
745 3747 797 3806 τοῶ
814 3737 981 3828 Διοδώρου,
1002 3739 1141 3829 Ἀχίωνος
1157 3748 1209 3808 τοῦ

136 3841 398 3930 5Κίλίεοδοίμοίυί,
424 3844 429 3924 λ
453 3841 729 3930 γραίμμίατεόοντος
759 3844 792 3909 δὲ
817 3841 947 3932 Ὓβίρίία
978 3851 1032 3910 τοῦ
1061 3845 1206 3920 Ξένωνος.

172 3944 305 4034 [ἐίπειίδη]
322 3945 445 4034 ίἋχίων
461 3945 642 4033 Κλεοδάμου
666 3945 802 4014 ἐπελθὼν
825 3950 874 4014 ἐπὶ
889 3947 942 4014 τὰν
959 3952 1127 4035 ἐκκλησίίαν
1143 3951 1208 4016 διέ-

172 4052 268 4138 λεχίελν
302 4048 375 4138 ὑπὲρ
405 4049 531 4116 Λαίσταλ
554 4057 607 4116 τοῦ
633 4047 826 4139 Ἀντάνοκρος
850 4049 1097 4138 (Ηίραίίκλευίτα,
1134 4050 1211 4118 διότι

172 4151 291 4241 ἑκτενης
320 4155 371 4220 καί
400 4148 503 4228 εόνους
534 4151 670 4243 δπάρχείι
707 4158 792 4240 πλοίτί
817 4159 856 4240 [τε
886 4151 925 4238 τίό
958 4155 1035 4242 ἱερὸν
1062 4157 1129 4240 ίκίαί
1157 4155 1209 4232 τὰν

119 4270 151 4320 10
172 4254 256 4322 πόλιν
287 4265 345 4322 τῶν
368 4258 494 4345 Δελφῶν
517 4258 568 4322 καί
590 4256 672 4345 [περί]
688 4263 691 4334 ί
708 4261 849 4324 πλείστου
870 4255 1046 4344 ποιεόμενος
1068 4257 1120 4324 τὰν
1142 4261 1209 4325 ποτί

171 4357 237 4434 τοὺς
268 4357 357 4434 θεοὺς
382 4363 385 4442 ί
410 4357 585 4449 εὐσέβειαν,
622 4358 710 4435 αιἰτδς
734 4359 822 4428 αὑτὸν
846 4356 1012 4449 εόχρηστον
1042 4367 1080 4447 ἐμ
1100 4364 1208 4443 παντίί

169 4470 265 4551 καιρῷ
293 4459 530 4551 παρασκευάζων
559 4464 609 4530 καί
637 4471 722 4553 κοινᾷ
750 4472 787 4553 τδρ
816 4462 903 4531 πόλει
931 4466 989 4550 [καί
1019 4463 1098 4553 κα]ίτ’
1128 4469 1205 4533 ίδίαν
