<?xml version="1.0" encoding="UTF-8"?>
<!DOCTYPE html PUBLIC "-//W3C//DTD XHTML 1.0 Transitional//EN"
    "http://www.w3.org/TR/xhtml1/DTD/xhtml1-transitional.dtd">
<html xmlns="http://www.w3.org/1999/xhtml" xml:lang="en" lang="en">
 <head>
  <title>
</title>
<meta http-equiv="Content-Type" content="text/html;charset=utf-8" />
  <meta name='ocr-system' content='tesseract 3.04.00' />
  <meta name='ocr-capabilities' content='ocr_page ocr_carea ocr_par ocr_line ocrx_word'/>
</head>
<body>
  <div class='ocr_page' id='page_1' title='image "./delectusinscrip00cauegoog/delectusinscrip00cauegoog_0056.png"; bbox 0 0 3238 5198; ppageno 0'>
   <div class='ocr_carea' id='block_1_1' title="bbox 91 353 1269 422">
    <p class='ocr_par' dir='ltr' id='par_1_1' title="bbox 91 353 1269 422">
     <span class='ocr_line' id='line_1_1' title="bbox 91 353 1269 422; baseline -0.002 -13"><span class='ocrx_word' id='word_1_1' title='bbox 91 353 177 416; x_wconf 73' lang='grc'><strong>-451</strong></span> <span class='ocrx_word' id='word_1_2' title='bbox 626 358 740 422; x_wconf 75' lang='lat' dir='ltr'><strong>Argolis.</strong></span> <span class='ocrx_word' id='word_1_3' title='bbox 1231 357 1269 419; x_wconf 69' lang='grc' dir='ltr'>Ἡ</span> 
     </span>
    </p>
   </div>
   <div class='ocr_carea' id='block_1_2' title="bbox 132 544 1231 963">
    <p class='ocr_par' dir='ltr' id='par_1_2' title="bbox 132 544 1231 752">
     <span class='ocr_line' id='line_1_2' title="bbox 200 544 1231 649; baseline 0.004 -25"><span class='ocrx_word' id='word_1_4' title='bbox 200 559 341 644; x_wconf 56' lang='grc' dir='ltr'>τέλειῄαν,</span> <span class='ocrx_word' id='word_1_5' title='bbox 376 561 621 647; x_wconf 71' lang='grc' dir='ltr'>βουλευέσθωσαν</span> <span class='ocrx_word' id='word_1_6' title='bbox 650 564 684 645; x_wconf 72' lang='lat' dir='ltr'><strong>cll</strong></span> <span class='ocrx_word' id='word_1_7' title='bbox 703 564 709 641; x_wconf 89' lang='grc' dir='ltr'>Ι</span> <span class='ocrx_word' id='word_1_8' title='bbox 729 557 887 649; x_wconf 75' lang='grc' dir='ltr'>σ]όνεδροι,</span> <span class='ocrx_word' id='word_1_9' title='bbox 919 558 959 648; x_wconf 76' lang='grc' dir='ltr'><strong>μή</strong></span> <span class='ocrx_word' id='word_1_10' title='bbox 990 544 1231 648; x_wconf 65' lang='lat' dir='ltr'><strong>percultllvoitvrec</strong></span> 
     </span>
     <span class='ocr_line' id='line_1_3' title="bbox 132 660 1230 752; baseline 0.007 -29"><span class='ocrx_word' id='word_1_11' title='bbox 132 673 178 725; x_wconf 79' lang='grc'><strong>195</strong></span> <span class='ocrx_word' id='word_1_12' title='bbox 201 663 249 727; x_wconf 83' lang='grc' dir='ltr'><strong>ἐπὶ</strong></span> <span class='ocrx_word' id='word_1_13' title='bbox 277 660 459 750; x_wconf 59' lang='grc' dir='ltr'><strong>καταίλόΙΙσει</strong></span> <span class='ocrx_word' id='word_1_14' title='bbox 480 670 538 730; x_wconf 81' lang='grc' dir='ltr'><strong>τῶν</strong></span> <span class='ocrx_word' id='word_1_15' title='bbox 563 666 730 752; x_wconf 79' lang='grc' dir='ltr'>μυστηρίων</span> <span class='ocrx_word' id='word_1_16' title='bbox 751 667 870 752; x_wconf 62' lang='lat' dir='ltr'><strong>[pallido</strong></span> <span class='ocrx_word' id='word_1_17' title='bbox 891 670 962 749; x_wconf 69' lang='grc' dir='ltr'>[τώῙν</span> <span class='ocrx_word' id='word_1_18' title='bbox 986 663 1116 731; x_wconf 77' lang='grc' dir='ltr'>κατὰτὸ</span> <span class='ocrx_word' id='word_1_19' title='bbox 1139 662 1230 749; x_wconf 70' lang='lat' dir='ltr'><strong>illeill-</strong></span> 
     </span>
    </p>

    <p class='ocr_par' dir='ltr' id='par_1_3' title="bbox 132 765 1230 963">
     <span class='ocr_line' id='line_1_4' title="bbox 199 765 1230 857; baseline 0.002 -25"><span class='ocrx_word' id='word_1_20' title='bbox 199 792 333 854; x_wconf 82' lang='grc' dir='ltr'>γραμμα.</span> <span class='ocrx_word' id='word_1_21' title='bbox 381 771 408 833; x_wconf 79' lang='grc' dir='ltr'><strong>εἰ</strong></span> <span class='ocrx_word' id='word_1_22' title='bbox 432 769 464 833; x_wconf 80' lang='grc' dir='ltr'><strong>δὲ</strong></span> <span class='ocrx_word' id='word_1_23' title='bbox 488 766 541 855; x_wconf 74' lang='grc' dir='ltr'><strong>μή,</strong></span> <span class='ocrx_word' id='word_1_24' title='bbox 565 766 598 834; x_wconf 89' lang='grc' dir='ltr'><strong>τὸ</strong></span> <span class='ocrx_word' id='word_1_25' title='bbox 624 769 699 854; x_wconf 80' lang='grc' dir='ltr'>[μὲν]</span> <span class='ocrx_word' id='word_1_26' title='bbox 723 770 859 857; x_wconf 76' lang='grc' dir='ltr'>Ιγραφὲν</span> <span class='ocrx_word' id='word_1_27' title='bbox 883 765 983 843; x_wconf 78' lang='grc' dir='ltr'>ἀτελὲς</span> <span class='ocrx_word' id='word_1_28' title='bbox 1006 769 1095 850; x_wconf 85' lang='grc' dir='ltr'>ἔστω,</span> <span class='ocrx_word' id='word_1_29' title='bbox 1117 774 1122 851; x_wconf 90' lang='grc'>1</span> <span class='ocrx_word' id='word_1_30' title='bbox 1141 767 1174 835; x_wconf 86' lang='grc' dir='ltr'><strong>τὸ</strong></span> <span class='ocrx_word' id='word_1_31' title='bbox 1198 769 1230 834; x_wconf 86' lang='grc' dir='ltr'><strong>δὲ</strong></span> 
     </span>
     <span class='ocr_line' id='line_1_5' title="bbox 132 866 1022 963; baseline 0.006 -31"><span class='ocrx_word' id='word_1_32' title='bbox 132 882 178 934; x_wconf 73' lang='lat' dir='ltr'><strong>lto</strong></span> <span class='ocrx_word' id='word_1_33' title='bbox 202 866 376 958; x_wconf 77' lang='grc' dir='ltr'>διάγραμμα</span> <span class='ocrx_word' id='word_1_34' title='bbox 398 868 507 960; x_wconf 72' lang='lat' dir='ltr'><strong>adpdlov</strong></span> <span class='ocrx_word' id='word_1_35' title='bbox 529 873 605 938; x_wconf 81' lang='grc' dir='ltr'>ἔστω</span> <span class='ocrx_word' id='word_1_36' title='bbox 629 875 671 947; x_wconf 77' lang='grc' dir='ltr'><strong>εἰς</strong></span> <span class='ocrx_word' id='word_1_37' title='bbox 692 869 789 939; x_wconf 81' lang='grc' dir='ltr'>πάντα</span> <span class='ocrx_word' id='word_1_38' title='bbox 809 872 858 963; x_wconf 64' lang='lat' dir='ltr'><strong>cdv</strong></span> <span class='ocrx_word' id='word_1_39' title='bbox 879 875 884 959; x_wconf 81' lang='grc'>1</span> <span class='ocrx_word' id='word_1_40' title='bbox 902 869 1022 962; x_wconf 82' lang='grc' dir='ltr'>χρόνον.</span> 
     </span>
    </p>
   </div>
   <div class='ocr_carea' id='block_1_3' title="bbox 16 1062 1276 2786">
    <p class='ocr_par' dir='ltr' id='par_1_4' title="bbox 16 1062 1276 2786">
     <span class='ocr_line' id='line_1_6' title="bbox 16 1062 1273 1147; baseline 0.002 -23"><span class='ocrx_word' id='word_1_41' title='bbox 16 1109 26 1116; x_wconf 91' lang='grc'>-</span> <span class='ocrx_word' id='word_1_42' title='bbox 93 1062 202 1124; x_wconf 91' lang='lat' dir='ltr'><strong>Edidit</strong></span> <span class='ocrx_word' id='word_1_43' title='bbox 225 1065 258 1124; x_wconf 91' lang='lat' dir='ltr'><strong>in</strong></span> <span class='ocrx_word' id='word_1_44' title='bbox 281 1063 411 1126; x_wconf 77' lang='lat' dir='ltr'><strong>Graecia</strong></span> <span class='ocrx_word' id='word_1_45' title='bbox 435 1066 466 1126; x_wconf 92' lang='lat' dir='ltr'><strong>S.</strong></span> <span class='ocrx_word' id='word_1_46' title='bbox 485 1064 522 1126; x_wconf 86' lang='grc' dir='ltr'><strong>Α.</strong></span> <span class='ocrx_word' id='word_1_47' title='bbox 549 1066 723 1128; x_wconf 76' lang='lat' dir='ltr'><strong>(iuuandum</strong></span> <span class='ocrx_word' id='word_1_48' title='bbox 746 1075 795 1128; x_wconf 89' lang='lat' dir='ltr'><strong>ter</strong></span> <span class='ocrx_word' id='word_1_49' title='bbox 817 1065 992 1129; x_wconf 90' lang='lat' dir='ltr'><strong>secundum</strong></span> <span class='ocrx_word' id='word_1_50' title='bbox 1015 1067 1074 1128; x_wconf 90' lang='lat' dir='ltr'><strong>tria</strong></span> <span class='ocrx_word' id='word_1_51' title='bbox 1096 1066 1273 1147; x_wconf 90' lang='lat' dir='ltr'><strong>apographa</strong></span> 
     </span>
     <span class='ocr_line' id='line_1_7' title="bbox 90 1163 1275 1252; baseline 0.001 -24"><span class='ocrx_word' id='word_1_52' title='bbox 90 1163 219 1229; x_wconf 72' lang='lat' dir='ltr'><strong>Aaron!</strong></span> <span class='ocrx_word' id='word_1_53' title='bbox 242 1169 348 1228; x_wconf 81' lang='lat' dir='ltr'><strong>Bmmr</strong></span> <span class='ocrx_word' id='word_1_54' title='bbox 372 1168 404 1229; x_wconf 89' lang='lat' dir='ltr'><strong>in</strong></span> <span class='ocrx_word' id='word_1_55' title='bbox 427 1169 546 1247; x_wconf 84' lang='lat' dir='ltr'><strong>diario,</strong></span> <span class='ocrx_word' id='word_1_56' title='bbox 578 1169 664 1250; x_wconf 89' lang='lat' dir='ltr'><strong>quod</strong></span> <span class='ocrx_word' id='word_1_57' title='bbox 693 1169 877 1231; x_wconf 79' lang='lat' dir='ltr'><strong>inscribitur</strong></span> <span class='ocrx_word' id='word_1_58' title='bbox 902 1163 918 1232; x_wconf 83' lang='grc' dir='ltr'>ὁ</span> <span class='ocrx_word' id='word_1_59' title='bbox 942 1164 1135 1252; x_wconf 57' lang='lat' dir='ltr'><strong>ortucula.</strong></span> <span class='ocrx_word' id='word_1_60' title='bbox 1181 1187 1275 1230; x_wconf 88' lang='lat' dir='ltr'><strong>accu-</strong></span> 
     </span>
     <span class='ocr_line' id='line_1_8' title="bbox 93 1271 1275 1353; baseline 0.003 -23"><span class='ocrx_word' id='word_1_61' title='bbox 93 1279 161 1332; x_wconf 88' lang='lat' dir='ltr'><strong>rate</strong></span> <span class='ocrx_word' id='word_1_62' title='bbox 189 1272 333 1332; x_wconf 88' lang='lat' dir='ltr'><strong>tractavit</strong></span> <span class='ocrx_word' id='word_1_63' title='bbox 361 1281 392 1334; x_wconf 87' lang='lat' dir='ltr'><strong>et</strong></span> <span class='ocrx_word' id='word_1_64' title='bbox 419 1271 561 1353; x_wconf 87' lang='lat' dir='ltr'><strong>undique</strong></span> <span class='ocrx_word' id='word_1_65' title='bbox 584 1273 753 1335; x_wconf 88' lang='lat' dir='ltr'><strong>illustravit</strong></span> <span class='ocrx_word' id='word_1_66' title='bbox 782 1275 819 1334; x_wconf 90' lang='lat' dir='ltr'><strong>H.</strong></span> <span class='ocrx_word' id='word_1_67' title='bbox 845 1275 972 1352; x_wconf 67' lang='lat' dir='ltr'><strong>Scurra,</strong></span> <span class='ocrx_word' id='word_1_68' title='bbox 1010 1273 1073 1334; x_wconf 82' lang='lat' dir='ltr'><strong>‘dic</strong></span> <span class='ocrx_word' id='word_1_69' title='bbox 1095 1273 1275 1353; x_wconf 74' lang='lat' dir='ltr'><strong>Mystcroeo-</strong></span> 
     </span>
     <span class='ocr_line' id='line_1_9' title="bbox 95 1372 1271 1456; baseline 0.001 -21"><span class='ocrx_word' id='word_1_70' title='bbox 95 1374 235 1456; x_wconf 77' lang='lat' dir='ltr'><strong>insobrift</strong></span> <span class='ocrx_word' id='word_1_71' title='bbox 257 1393 315 1436; x_wconf 78' lang='lat' dir='ltr'><strong>von</strong></span> <span class='ocrx_word' id='word_1_72' title='bbox 337 1372 496 1438; x_wconf 82' lang='lat' dir='ltr'><strong>Andooio&#39;</strong></span> <span class='ocrx_word' id='word_1_73' title='bbox 525 1377 557 1436; x_wconf 90' lang='lat' dir='ltr'><strong>in</strong></span> <span class='ocrx_word' id='word_1_74' title='bbox 581 1379 659 1438; x_wconf 90' lang='lat' dir='ltr'><strong>actis</strong></span> <span class='ocrx_word' id='word_1_75' title='bbox 687 1378 845 1439; x_wconf 91' lang='lat' dir='ltr'><strong>societatis</strong></span> <span class='ocrx_word' id='word_1_76' title='bbox 867 1378 1024 1439; x_wconf 91' lang='lat' dir='ltr'><strong>literariae</strong></span> <span class='ocrx_word' id='word_1_77' title='bbox 1048 1376 1271 1456; x_wconf 89' lang='lat' dir='ltr'><strong>Gottingensls,</strong></span> 
     </span>
     <span class='ocr_line' id='line_1_10' title="bbox 99 1475 1274 1560; baseline 0.002 -24"><span class='ocrx_word' id='word_1_78' title='bbox 99 1477 178 1536; x_wconf 72' lang='grc'>5859</span> <span class='ocrx_word' id='word_1_79' title='bbox 208 1497 239 1558; x_wconf 90' lang='lat' dir='ltr'><strong>p.</strong></span> <span class='ocrx_word' id='word_1_80' title='bbox 266 1475 328 1539; x_wconf 63' lang='lat' dir='ltr'><strong>ili</strong></span> <span class='ocrx_word' id='word_1_81' title='bbox 351 1497 421 1558; x_wconf 86' lang='lat' dir='ltr'>sqq.</span> <span class='ocrx_word' id='word_1_82' title='bbox 481 1480 602 1542; x_wconf 76' lang='lat' dir='ltr'><strong>Titulus</strong></span> <span class='ocrx_word' id='word_1_83' title='bbox 641 1479 814 1560; x_wconf 91' lang='lat' dir='ltr'><strong>inscriptus</strong></span> <span class='ocrx_word' id='word_1_84' title='bbox 848 1490 895 1542; x_wconf 93' lang='lat' dir='ltr'><strong>est</strong></span> <span class='ocrx_word' id='word_1_85' title='bbox 929 1480 1063 1543; x_wconf 92' lang='lat' dir='ltr'><strong>duarum</strong></span> <span class='ocrx_word' id='word_1_86' title='bbox 1097 1478 1274 1542; x_wconf 90' lang='lat' dir='ltr'><strong>tabularum</strong></span> 
     </span>
     <span class='ocr_line' id='line_1_11' title="bbox 96 1580 1274 1663; baseline 0.003 -23"><span class='ocrx_word' id='word_1_87' title='bbox 96 1580 238 1660; x_wconf 89' lang='lat' dir='ltr'><strong>partibus</strong></span> <span class='ocrx_word' id='word_1_88' title='bbox 273 1581 415 1644; x_wconf 85' lang='lat' dir='ltr'><strong>adversis</strong></span> <span class='ocrx_word' id='word_1_89' title='bbox 445 1592 476 1644; x_wconf 90' lang='lat' dir='ltr'><strong>et</strong></span> <span class='ocrx_word' id='word_1_90' title='bbox 505 1581 645 1644; x_wconf 83' lang='lat' dir='ltr'><strong>dexteris</strong></span> <span class='ocrx_word' id='word_1_91' title='bbox 680 1583 845 1646; x_wconf 89' lang='lat' dir='ltr'><strong>lateribus.</strong></span> <span class='ocrx_word' id='word_1_92' title='bbox 892 1584 925 1644; x_wconf 89' lang='lat' dir='ltr'><strong>in</strong></span> <span class='ocrx_word' id='word_1_93' title='bbox 954 1585 1157 1646; x_wconf 83' lang='lat' dir='ltr'><strong>commissura</strong></span> <span class='ocrx_word' id='word_1_94' title='bbox 1189 1584 1274 1663; x_wconf 90' lang='lat' dir='ltr'><strong>prio-</strong></span> 
     </span>
     <span class='ocr_line' id='line_1_12' title="bbox 92 1683 1269 1768; baseline 0.003 -26"><span class='ocrx_word' id='word_1_95' title='bbox 92 1683 137 1744; x_wconf 90' lang='lat' dir='ltr'><strong>ris</strong></span> <span class='ocrx_word' id='word_1_96' title='bbox 173 1693 204 1746; x_wconf 95' lang='lat' dir='ltr'><strong>et</strong></span> <span class='ocrx_word' id='word_1_97' title='bbox 240 1686 422 1765; x_wconf 91' lang='lat' dir='ltr'><strong>posterioris</strong></span> <span class='ocrx_word' id='word_1_98' title='bbox 461 1684 638 1747; x_wconf 89' lang='lat' dir='ltr'><strong>tabularum</strong></span> <span class='ocrx_word' id='word_1_99' title='bbox 674 1685 736 1748; x_wconf 93' lang='lat' dir='ltr'><strong>duo</strong></span> <span class='ocrx_word' id='word_1_100' title='bbox 774 1705 885 1748; x_wconf 86' lang='lat' dir='ltr'><strong>versus</strong></span> <span class='ocrx_word' id='word_1_101' title='bbox 928 1685 992 1768; x_wconf 83' lang='grc'>(53.</span> <span class='ocrx_word' id='word_1_102' title='bbox 1025 1685 1176 1746; x_wconf 55' lang='grc'>58255.</span> <span class='ocrx_word' id='word_1_103' title='bbox 1213 1685 1269 1768; x_wconf 82' lang='grc'><strong>58)</strong></span> 
     </span>
     <span class='ocr_line' id='line_1_13' title="bbox 94 1786 1275 1870; baseline 0.001 -22"><span class='ocrx_word' id='word_1_104' title='bbox 94 1807 154 1868; x_wconf 87' lang='lat' dir='ltr'><strong>per</strong></span> <span class='ocrx_word' id='word_1_105' title='bbox 180 1807 319 1850; x_wconf 84' lang='lat' dir='ltr'><strong>onorem</strong></span> <span class='ocrx_word' id='word_1_106' title='bbox 347 1788 501 1870; x_wconf 86' lang='lat' dir='ltr'><strong>lapicidae</strong></span> <span class='ocrx_word' id='word_1_107' title='bbox 531 1790 634 1852; x_wconf 91' lang='lat' dir='ltr'><strong>iterati</strong></span> <span class='ocrx_word' id='word_1_108' title='bbox 664 1799 747 1852; x_wconf 89' lang='lat' dir='ltr'><strong>sunt.</strong></span> <span class='ocrx_word' id='word_1_109' title='bbox 806 1786 986 1853; x_wconf 75' lang='lat' dir='ltr'><strong>continetur</strong></span> <span class='ocrx_word' id='word_1_110' title='bbox 1016 1792 1063 1851; x_wconf 91' lang='lat' dir='ltr'><strong>eis</strong></span> <span class='ocrx_word' id='word_1_111' title='bbox 1095 1790 1275 1852; x_wconf 92' lang='lat' dir='ltr'><strong>constitutio</strong></span> 
     </span>
     <span class='ocr_line' id='line_1_14' title="bbox 93 1892 1275 1974; baseline 0 -21"><span class='ocrx_word' id='word_1_112' title='bbox 93 1910 252 1955; x_wconf 90' lang='lat' dir='ltr'><strong>sacrorum</strong></span> <span class='ocrx_word' id='word_1_113' title='bbox 275 1892 418 1971; x_wconf 85' lang='lat' dir='ltr'><strong>Cereris,</strong></span> <span class='ocrx_word' id='word_1_114' title='bbox 452 1895 595 1974; x_wconf 78' lang='lat' dir='ltr'><strong>Hagnae,</strong></span> <span class='ocrx_word' id='word_1_115' title='bbox 621 1895 785 1974; x_wconf 83' lang='lat' dir='ltr'><strong>Mercurii,</strong></span> <span class='ocrx_word' id='word_1_116' title='bbox 816 1892 970 1974; x_wconf 77' lang='lat' dir='ltr'><strong>Apollinis</strong></span> <span class='ocrx_word' id='word_1_117' title='bbox 993 1893 1121 1973; x_wconf 80' lang='lat' dir='ltr'><strong>Comei,</strong></span> <span class='ocrx_word' id='word_1_118' title='bbox 1146 1911 1275 1974; x_wconf 90' lang='lat' dir='ltr'><strong>magno-</strong></span> 
     </span>
     <span class='ocr_line' id='line_1_15' title="bbox 93 1993 1272 2081; baseline 0.002 -26"><span class='ocrx_word' id='word_1_119' title='bbox 93 2015 163 2056; x_wconf 90' lang='lat' dir='ltr'><strong>rum</strong></span> <span class='ocrx_word' id='word_1_120' title='bbox 187 1995 317 2058; x_wconf 91' lang='lat' dir='ltr'><strong>deorum</strong></span> <span class='ocrx_word' id='word_1_121' title='bbox 352 1993 678 2081; x_wconf 82' lang='lat' dir='ltr'><strong>(Samothraciorum),</strong></span> <span class='ocrx_word' id='word_1_122' title='bbox 714 2017 796 2078; x_wconf 86' lang='lat' dir='ltr'><strong>quae</strong></span> <span class='ocrx_word' id='word_1_123' title='bbox 824 1995 988 2059; x_wconf 79' lang='lat' dir='ltr'><strong>Andaniae</strong></span> <span class='ocrx_word' id='word_1_124' title='bbox 1019 1995 1272 2060; x_wconf 87' lang='lat' dir='ltr'><strong>celebrabantur.</strong></span> 
     </span>
     <span class='ocr_line' id='line_1_16' title="bbox 92 2100 1276 2182; baseline 0.002 -22"><span class='ocrx_word' id='word_1_125' title='bbox 92 2100 220 2180; x_wconf 87' lang='lat' dir='ltr'><strong>Sauppe</strong></span> <span class='ocrx_word' id='word_1_126' title='bbox 242 2102 263 2160; x_wconf 92' lang='lat' dir='ltr'><strong>l.</strong></span> <span class='ocrx_word' id='word_1_127' title='bbox 282 2100 303 2160; x_wconf 93' lang='lat' dir='ltr'><strong>l.</strong></span> <span class='ocrx_word' id='word_1_128' title='bbox 325 2119 356 2182; x_wconf 89' lang='lat' dir='ltr'><strong>p.</strong></span> <span class='ocrx_word' id='word_1_129' title='bbox 376 2101 438 2162; x_wconf 77' lang='lat'><strong>268</strong></span> <span class='ocrx_word' id='word_1_130' title='bbox 446 2119 517 2182; x_wconf 85' lang='lat' dir='ltr'><strong>sqq.</strong></span> <span class='ocrx_word' id='word_1_131' title='bbox 544 2101 770 2164; x_wconf 89' lang='lat' dir='ltr'><strong>demonstravit</strong></span> <span class='ocrx_word' id='word_1_132' title='bbox 792 2102 859 2163; x_wconf 89' lang='lat' dir='ltr'><strong>veri</strong></span> <span class='ocrx_word' id='word_1_133' title='bbox 882 2101 984 2162; x_wconf 94' lang='lat' dir='ltr'><strong>simile</strong></span> <span class='ocrx_word' id='word_1_134' title='bbox 1006 2119 1075 2163; x_wconf 88' lang='lat' dir='ltr'><strong>esse</strong></span> <span class='ocrx_word' id='word_1_135' title='bbox 1099 2100 1179 2162; x_wconf 88' lang='lat' dir='ltr'><strong>hanc</strong></span> <span class='ocrx_word' id='word_1_136' title='bbox 1201 2119 1276 2162; x_wconf 91' lang='lat' dir='ltr'><strong>con-</strong></span> 
     </span>
     <span class='ocr_line' id='line_1_17' title="bbox 16 2195 1276 2268; baseline 0.002 -4"><span class='ocrx_word' id='word_1_137' title='bbox 16 2195 18 2198; x_wconf 62' lang='grc'><strong>’</strong></span> <span class='ocrx_word' id='word_1_138' title='bbox 93 2203 287 2266; x_wconf 88' lang='lat' dir='ltr'><strong>stitutionem</strong></span> <span class='ocrx_word' id='word_1_139' title='bbox 320 2223 403 2266; x_wconf 92' lang='lat' dir='ltr'><strong>anno</strong></span> <span class='ocrx_word' id='word_1_140' title='bbox 425 2223 453 2266; x_wconf 90' lang='lat' dir='ltr'><strong>a.</strong></span> <span class='ocrx_word' id='word_1_141' title='bbox 480 2205 552 2266; x_wconf 86' lang='lat' dir='ltr'><strong>Chr.</strong></span> <span class='ocrx_word' id='word_1_142' title='bbox 579 2206 618 2266; x_wconf 83' lang='lat'><strong>93</strong></span> <span class='ocrx_word' id='word_1_143' title='bbox 653 2204 764 2268; x_wconf 84' lang='lat' dir='ltr'><strong>iactam</strong></span> <span class='ocrx_word' id='word_1_144' title='bbox 798 2224 879 2268; x_wconf 90' lang='lat' dir='ltr'><strong>csse.</strong></span> <span class='ocrx_word' id='word_1_145' title='bbox 919 2202 1073 2266; x_wconf 89' lang='lat' dir='ltr'><strong>dialectus</strong></span> <span class='ocrx_word' id='word_1_146' title='bbox 1106 2215 1152 2266; x_wconf 89' lang='lat' dir='ltr'><strong>est</strong></span> <span class='ocrx_word' id='word_1_147' title='bbox 1185 2205 1276 2266; x_wconf 90' lang='lat' dir='ltr'><strong>Doris</strong></span> 
     </span>
     <span class='ocr_line' id='line_1_18' title="bbox 93 2307 1276 2391; baseline 0.001 -23"><span class='ocrx_word' id='word_1_148' title='bbox 93 2309 318 2370; x_wconf 88' lang='lat' dir='ltr'><strong>Messeniorum</strong></span> <span class='ocrx_word' id='word_1_149' title='bbox 362 2327 423 2370; x_wconf 92' lang='lat' dir='ltr'><strong>non</strong></span> <span class='ocrx_word' id='word_1_150' title='bbox 460 2309 575 2371; x_wconf 88' lang='lat' dir='ltr'><strong>leviter</strong></span> <span class='ocrx_word' id='word_1_151' title='bbox 611 2319 802 2391; x_wconf 90' lang='lat' dir='ltr'><strong>temperata,</strong></span> <span class='ocrx_word' id='word_1_152' title='bbox 842 2311 933 2372; x_wconf 91' lang='lat' dir='ltr'><strong>cuius</strong></span> <span class='ocrx_word' id='word_1_153' title='bbox 970 2309 1113 2390; x_wconf 85' lang='lat' dir='ltr'><strong>exempla</strong></span> <span class='ocrx_word' id='word_1_154' title='bbox 1151 2307 1276 2388; x_wconf 79' lang='lat' dir='ltr'><strong>collegit</strong></span> 
     </span>
     <span class='ocr_line' id='line_1_19' title="bbox 93 2409 1275 2494; baseline 0.001 -21"><span class='ocrx_word' id='word_1_155' title='bbox 93 2414 220 2493; x_wconf 88' lang='lat' dir='ltr'><strong>Sauppe</strong></span> <span class='ocrx_word' id='word_1_156' title='bbox 235 2411 257 2472; x_wconf 93' lang='lat' dir='ltr'><strong>l.</strong></span> <span class='ocrx_word' id='word_1_157' title='bbox 276 2412 296 2473; x_wconf 96' lang='lat' dir='ltr'><strong>l.</strong></span> <span class='ocrx_word' id='word_1_158' title='bbox 324 2412 385 2474; x_wconf 77' lang='lat'><strong>272</strong></span> <span class='ocrx_word' id='word_1_159' title='bbox 394 2432 441 2493; x_wconf 91' lang='lat' dir='ltr'><strong>sq.</strong></span> <span class='ocrx_word' id='word_1_160' title='bbox 468 2423 592 2494; x_wconf 89' lang='lat' dir='ltr'><strong>praeter</strong></span> <span class='ocrx_word' id='word_1_161' title='bbox 607 2414 696 2476; x_wconf 89' lang='lat' dir='ltr'><strong>solita</strong></span> <span class='ocrx_word' id='word_1_162' title='bbox 711 2415 890 2476; x_wconf 91' lang='lat' dir='ltr'><strong>testimonia</strong></span> <span class='ocrx_word' id='word_1_163' title='bbox 904 2414 1038 2474; x_wconf 89' lang='lat' dir='ltr'><strong>Dorismi</strong></span> <span class='ocrx_word' id='word_1_164' title='bbox 1055 2409 1275 2474; x_wconf 89' lang='lat' dir='ltr'><strong>memorandae</strong></span> 
     </span>
     <span class='ocr_line' id='line_1_20' title="bbox 93 2514 1276 2602; baseline 0.001 -26"><span class='ocrx_word' id='word_1_165' title='bbox 93 2525 168 2577; x_wconf 90' lang='lat' dir='ltr'><strong>sunt</strong></span> <span class='ocrx_word' id='word_1_166' title='bbox 197 2515 315 2578; x_wconf 88' lang='lat' dir='ltr'><strong>formae</strong></span> <span class='ocrx_word' id='word_1_167' title='bbox 361 2516 444 2578; x_wconf 91' lang='lat' dir='ltr'><strong>modi</strong></span> <span class='ocrx_word' id='word_1_168' title='bbox 475 2518 664 2579; x_wconf 84' lang='lat' dir='ltr'><strong>coniunctivi</strong></span> <span class='ocrx_word' id='word_1_169' title='bbox 700 2516 872 2602; x_wconf 60' lang='grc' dir='ltr'>προτιθῆντι</span> <span class='ocrx_word' id='word_1_170' title='bbox 902 2519 961 2596; x_wconf 85' lang='grc'><strong>89,</strong></span> <span class='ocrx_word' id='word_1_171' title='bbox 1000 2514 1276 2599; x_wconf 77' lang='grc' dir='ltr'>κατασκευασθῆντι</span> 
     </span>
     <span class='ocr_line' id='line_1_21' title="bbox 95 2611 1276 2706; baseline 0.002 -27"><span class='ocrx_word' id='word_1_172' title='bbox 95 2621 153 2692; x_wconf 88' lang='grc'><strong>93,</strong></span> <span class='ocrx_word' id='word_1_173' title='bbox 177 2625 382 2706; x_wconf 79' lang='grc' dir='ltr'>προγραφῆντι</span> <span class='ocrx_word' id='word_1_174' title='bbox 405 2622 484 2698; x_wconf 74' lang='grc'><strong>462,</strong></span> <span class='ocrx_word' id='word_1_175' title='bbox 514 2611 601 2704; x_wconf 80' lang='grc' dir='ltr'>ἧνται</span> <span class='ocrx_word' id='word_1_176' title='bbox 623 2621 685 2700; x_wconf 86' lang='grc'><strong>85,</strong></span> <span class='ocrx_word' id='word_1_177' title='bbox 722 2641 803 2703; x_wconf 86' lang='lat' dir='ltr'><strong>quae</strong></span> <span class='ocrx_word' id='word_1_178' title='bbox 825 2623 962 2684; x_wconf 89' lang='lat' dir='ltr'><strong>vocalem</strong></span> <span class='ocrx_word' id='word_1_179' title='bbox 991 2621 1191 2682; x_wconf 90' lang='lat' dir='ltr'><strong>thematicam</strong></span> <span class='ocrx_word' id='word_1_180' title='bbox 1213 2639 1276 2681; x_wconf 90' lang='lat' dir='ltr'><strong>non</strong></span> 
     </span>
     <span class='ocr_line' id='line_1_22' title="bbox 93 2722 222 2786; baseline 0 -2"><span class='ocrx_word' id='word_1_181' title='bbox 93 2722 222 2786; x_wconf 86' lang='lat' dir='ltr'><strong>habent.</strong></span> 
     </span>
    </p>
   </div>
   <div class='ocr_carea' id='block_1_4' title="bbox 474 3031 893 3118">
    <p class='ocr_par' dir='ltr' id='par_1_5' title="bbox 474 3031 893 3118">
     <span class='ocr_line' id='line_1_23' title="bbox 474 3031 893 3118; baseline 0.005 -18"><span class='ocrx_word' id='word_1_182' title='bbox 474 3033 506 3100; x_wconf 83' lang='grc'><strong>8.</strong></span> <span class='ocrx_word' id='word_1_183' title='bbox 528 3033 669 3118; x_wconf 78' lang='lat' dir='ltr'><strong>Argolis</strong></span> <span class='ocrx_word' id='word_1_184' title='bbox 691 3035 729 3101; x_wconf 87' lang='lat' dir='ltr'><strong>ot</strong></span> <span class='ocrx_word' id='word_1_185' title='bbox 749 3031 893 3116; x_wconf 76' lang='lat' dir='ltr'><strong>Aegina.</strong></span> 
     </span>
    </p>
   </div>
   <div class='ocr_carea' id='block_1_5' title="bbox 377 3232 990 3302">
    <p class='ocr_par' dir='ltr' id='par_1_6' title="bbox 377 3232 990 3302">
     <span class='ocr_line' id='line_1_24' title="bbox 377 3232 990 3302; baseline -0.003 -13"><span class='ocrx_word' id='word_1_186' title='bbox 377 3248 408 3289; x_wconf 84' lang='lat' dir='ltr'><strong>a.</strong></span> <span class='ocrx_word' id='word_1_187' title='bbox 438 3233 573 3302; x_wconf 78' lang='lat' dir='ltr'><strong>Argolis</strong></span> <span class='ocrx_word' id='word_1_188' title='bbox 596 3246 671 3289; x_wconf 89' lang='lat' dir='ltr'><strong>oum</strong></span> <span class='ocrx_word' id='word_1_189' title='bbox 693 3233 847 3290; x_wconf 79' lang='lat' dir='ltr'><strong>ooleuria</strong></span> <span class='ocrx_word' id='word_1_190' title='bbox 868 3232 990 3288; x_wconf 81' lang='lat' dir='ltr'><strong>insule.</strong></span> 
     </span>
    </p>
   </div>
   <div class='ocr_carea' id='block_1_6' title="bbox 96 3380 1274 3569">
    <p class='ocr_par' dir='ltr' id='par_1_7' title="bbox 96 3380 1274 3569">
     <span class='ocr_line' id='line_1_25' title="bbox 96 3380 1274 3465; baseline -0.004 -18"><span class='ocrx_word' id='word_1_191' title='bbox 96 3380 141 3447; x_wconf 79' lang='lat'><strong>14</strong></span> <span class='ocrx_word' id='word_1_192' title='bbox 183 3383 297 3465; x_wconf 70' lang='lat'><strong>[=29]</strong></span> <span class='ocrx_word' id='word_1_193' title='bbox 330 3385 363 3445; x_wconf 92' lang='lat' dir='ltr'><strong>ln</strong></span> <span class='ocrx_word' id='word_1_194' title='bbox 392 3383 480 3463; x_wconf 84' lang='lat' dir='ltr'><strong>galea</strong></span> <span class='ocrx_word' id='word_1_195' title='bbox 511 3402 603 3446; x_wconf 85' lang='lat' dir='ltr'><strong>aerea</strong></span> <span class='ocrx_word' id='word_1_196' title='bbox 626 3384 789 3463; x_wconf 76' lang='lat' dir='ltr'><strong>eleganter</strong></span> <span class='ocrx_word' id='word_1_197' title='bbox 818 3383 988 3461; x_wconf 75' lang='lat' dir='ltr'><strong>fabricata,</strong></span> <span class='ocrx_word' id='word_1_198' title='bbox 1021 3401 1115 3462; x_wconf 79' lang='lat' dir='ltr'><strong>quam</strong></span> <span class='ocrx_word' id='word_1_199' title='bbox 1138 3401 1166 3442; x_wconf 87' lang='lat' dir='ltr'><strong>a.</strong></span> <span class='ocrx_word' id='word_1_200' title='bbox 1193 3381 1274 3444; x_wconf 75' lang='lat'>⁴795</span> 
     </span>
     <span class='ocr_line' id='line_1_26' title="bbox 181 3485 1273 3569; baseline -0.002 -21"><span class='ocrx_word' id='word_1_201' title='bbox 181 3487 278 3568; x_wconf 86' lang='lat' dir='ltr'><strong>prope</strong></span> <span class='ocrx_word' id='word_1_202' title='bbox 288 3487 465 3569; x_wconf 82' lang='lat' dir='ltr'><strong>Olympiam</strong></span> <span class='ocrx_word' id='word_1_203' title='bbox 481 3488 515 3547; x_wconf 90' lang='lat' dir='ltr'><strong>in</strong></span> <span class='ocrx_word' id='word_1_204' title='bbox 522 3485 643 3568; x_wconf 79' lang='lat' dir='ltr'><strong>Alpheo</strong></span> <span class='ocrx_word' id='word_1_205' title='bbox 658 3488 800 3567; x_wconf 89' lang='lat' dir='ltr'><strong>repperit</strong></span> <span class='ocrx_word' id='word_1_206' title='bbox 815 3487 983 3550; x_wconf 82' lang='lat' dir='ltr'><strong>Britannus</strong></span> <span class='ocrx_word' id='word_1_207' title='bbox 998 3487 1115 3548; x_wconf 87' lang='lat' dir='ltr'><strong>llorrit.</strong></span> <span class='ocrx_word' id='word_1_208' title='bbox 1141 3488 1273 3553; x_wconf 74' lang='lat' dir='ltr'><strong>Bouana.</strong></span> 
     </span>
    </p>
   </div>
   <div class='ocr_carea' id='block_1_7' title="bbox 181 3669 913 3761">
    <p class='ocr_par' dir='ltr' id='par_1_8' title="bbox 181 3669 913 3761">
     <span class='ocr_line' id='line_1_27' title="bbox 181 3669 913 3761; baseline -0.003 -23"><span class='ocrx_word' id='word_1_209' title='bbox 181 3669 333 3759; x_wconf 66' lang='lat' dir='ltr'><strong>To&#39;tpplellot</strong></span> <span class='ocrx_word' id='word_1_210' title='bbox 356 3671 462 3739; x_wconf 77' lang='grc' dir='ltr'>ἀνέθεν</span> <span class='ocrx_word' id='word_1_211' title='bbox 485 3678 531 3739; x_wconf 71' lang='lat' dir='ltr'><strong>rit</strong></span> <span class='ocrx_word' id='word_1_212' title='bbox 547 3673 621 3754; x_wconf 69' lang='lat' dir='ltr'><strong>drfl</strong></span> <span class='ocrx_word' id='word_1_213' title='bbox 643 3679 691 3739; x_wconf 71' lang='lat' dir='ltr'><strong>riu</strong></span> <span class='ocrx_word' id='word_1_214' title='bbox 710 3669 913 3761; x_wconf 76' lang='grc' dir='ltr'>Οομινθόθσν.</span> 
     </span>
    </p>
   </div>
   <div class='ocr_carea' id='block_1_8' title="bbox 90 3865 1275 4050">
    <p class='ocr_par' dir='ltr' id='par_1_9' title="bbox 90 3865 1275 4050">
     <span class='ocr_line' id='line_1_28' title="bbox 182 3865 1275 3948; baseline -0.001 -21"><span class='ocrx_word' id='word_1_215' title='bbox 182 3869 346 3948; x_wconf 90' lang='lat' dir='ltr'><strong>Inscriptio</strong></span> <span class='ocrx_word' id='word_1_216' title='bbox 368 3868 597 3945; x_wconf 81' lang='lat' dir='ltr'><strong>vetustissima,</strong></span> <span class='ocrx_word' id='word_1_217' title='bbox 624 3867 663 3929; x_wconf 89' lang='lat' dir='ltr'><strong>de</strong></span> <span class='ocrx_word' id='word_1_218' title='bbox 687 3886 749 3947; x_wconf 92' lang='lat' dir='ltr'><strong>quo</strong></span> <span class='ocrx_word' id='word_1_219' title='bbox 771 3886 802 3926; x_wconf 89' lang='grc' dir='ltr'><strong>ν.</strong></span> <span class='ocrx_word' id='word_1_220' title='bbox 828 3866 1017 3927; x_wconf 87' lang='lat' dir='ltr'><strong>Boeckhium</strong></span> <span class='ocrx_word' id='word_1_221' title='bbox 1043 3867 1074 3926; x_wconf 92' lang='lat' dir='ltr'><strong>in</strong></span> <span class='ocrx_word' id='word_1_222' title='bbox 1101 3865 1275 3927; x_wconf 83' lang='lat' dir='ltr'><strong>‘addendis</strong></span> 
     </span>
     <span class='ocr_line' id='line_1_29' title="bbox 90 3969 552 4050; baseline -0.013 -15"><span class='ocrx_word' id='word_1_223' title='bbox 90 3983 126 4035; x_wconf 89' lang='lat' dir='ltr'><strong>et</strong></span> <span class='ocrx_word' id='word_1_224' title='bbox 144 3969 351 4050; x_wconf 83' lang='lat' dir='ltr'><strong>corrigendis’</strong></span> <span class='ocrx_word' id='word_1_225' title='bbox 375 3991 407 4050; x_wconf 89' lang='lat' dir='ltr'><strong>p.</strong></span> <span class='ocrx_word' id='word_1_226' title='bbox 426 3969 488 4030; x_wconf 88' lang='grc'><strong>885</strong></span> <span class='ocrx_word' id='word_1_227' title='bbox 505 3989 552 4050; x_wconf 88' lang='lat' dir='ltr'><strong>sq.</strong></span> 
     </span>
    </p>
   </div>
   <div class='ocr_carea' id='block_1_9' title="bbox 483 4100 1269 4114">
    <p class='ocr_par' dir='ltr' id='par_1_10' title="bbox 483 4100 1269 4114">
     <span class='ocr_line' id='line_1_30' title="bbox 483 4100 1269 4114; baseline -0.001 -6"><span class='ocrx_word' id='word_1_228' title='bbox 483 4103 545 4108; x_wconf 54' lang='lat'><em>--.-</em></span> <span class='ocrx_word' id='word_1_229' title='bbox 553 4101 650 4110; x_wconf 72' lang='lat'><em>—....-.-</em></span> <span class='ocrx_word' id='word_1_230' title='bbox 661 4101 778 4108; x_wconf 68' lang='grc'><em>..-.-...-,-.</em></span> <span class='ocrx_word' id='word_1_231' title='bbox 787 4100 1006 4110; x_wconf 46' lang='grc' dir='ltr'><strong>..α--ω-η</strong></span> <span class='ocrx_word' id='word_1_232' title='bbox 1018 4102 1139 4114; x_wconf 79' lang='grc'>.-..-,....</span> <span class='ocrx_word' id='word_1_233' title='bbox 1148 4102 1156 4106; x_wconf 94' lang='grc'><em>.</em></span> <span class='ocrx_word' id='word_1_234' title='bbox 1164 4101 1269 4110; x_wconf 76' lang='grc'><strong>---,</strong></span> 
     </span>
    </p>
   </div>
   <div class='ocr_carea' id='block_1_10' title="bbox 93 4193 998 4276">
    <p class='ocr_par' dir='ltr' id='par_1_11' title="bbox 93 4193 998 4276">
     <span class='ocr_line' id='line_1_31' title="bbox 93 4193 998 4276; baseline -0.002 -16"><span class='ocrx_word' id='word_1_235' title='bbox 93 4193 142 4260; x_wconf 77' lang='lat' dir='ltr'><strong>lb</strong></span> <span class='ocrx_word' id='word_1_236' title='bbox 179 4196 266 4256; x_wconf 89' lang='lat' dir='ltr'><strong>Basis</strong></span> <span class='ocrx_word' id='word_1_237' title='bbox 288 4214 459 4257; x_wconf 90' lang='lat' dir='ltr'><strong>marmorea</strong></span> <span class='ocrx_word' id='word_1_238' title='bbox 483 4194 645 4276; x_wconf 82' lang='lat' dir='ltr'><strong>Olympiae</strong></span> <span class='ocrx_word' id='word_1_239' title='bbox 669 4195 852 4275; x_wconf 91' lang='lat' dir='ltr'><strong>nuperrime</strong></span> <span class='ocrx_word' id='word_1_240' title='bbox 876 4196 998 4260; x_wconf 80' lang='lat' dir='ltr'><strong>effossa.</strong></span> 
     </span>
    </p>
   </div>
   <div class='ocr_carea' id='block_1_11' title="bbox 174 4375 706 4574">
    <p class='ocr_par' dir='ltr' id='par_1_12' title="bbox 174 4375 706 4574">
     <span class='ocr_line' id='line_1_32' title="bbox 174 4375 706 4574; baseline 0 -128"><span class='ocrx_word' id='word_1_241' title='bbox 174 4375 290 4454; x_wconf 79' lang='grc' dir='ltr'>Ἄτστσς</span> <span class='ocrx_word' id='word_1_242' title='bbox 315 4388 322 4459; x_wconf 82' lang='grc' dir='ltr'>ξ</span> <span class='ocrx_word' id='word_1_243' title='bbox 370 4378 534 4574; x_wconf 51' lang='grc' dir='ltr'><strong>ἐωίὲἱμξ</strong></span> <span class='ocrx_word' id='word_1_244' title='bbox 576 4378 706 4468; x_wconf 82' lang='grc' dir='ltr'>Ἀργεῖος</span> 
     </span>
    </p>
   </div>
   <div class='ocr_carea' id='block_1_12' title="bbox 180 4479 773 4572">
    <p class='ocr_par' dir='ltr' id='par_1_13' title="bbox 180 4479 773 4572">
     <span class='ocr_line' id='line_1_33' title="bbox 180 4479 773 4572; baseline 0.008 -24"><span class='ocrx_word' id='word_1_245' title='bbox 180 4481 384 4571; x_wconf 74' lang='grc' dir='ltr'>κάμγσιάδαςξ</span> <span class='ocrx_word' id='word_1_246' title='bbox 474 4479 481 4504; x_wconf 78' lang='lat'><em>‘</em></span> <span class='ocrx_word' id='word_1_247' title='bbox 513 4481 620 4550; x_wconf 81' lang='grc' dir='ltr'>ελαῖδα</span> <span class='ocrx_word' id='word_1_248' title='bbox 641 4480 773 4572; x_wconf 59' lang='lat' dir='ltr'><strong>rippale.</strong></span> 
     </span>
    </p>
   </div>
   <div class='ocr_carea' id='block_1_13' title="bbox 0 0 1630 5198">
    <p class='ocr_par' dir='ltr' id='par_1_14' title="bbox 0 0 1630 5198">
     <span class='ocr_line' id='line_1_34' title="bbox 0 0 1630 5198; baseline 0 0"><span class='ocrx_word' id='word_1_249' title='bbox 0 0 1630 5198; x_wconf 95' lang='lat' dir='ltr'><strong> </strong></span> 
     </span>
    </p>
   </div>
  </div>
 </body>
</html>
