3238 5198
620 346 802 396 Prooemium.
974 393 978 400 ,
1263 365 1303 406 vu

123 611 231 662 staret.
278 621 349 662 nam
374 603 401 663 si
423 621 532 664 omnes
552 601 775 680 inscriptiones
791 601 997 680 collegissem,
1023 600 1055 660 in
1072 598 1189 679 quihus
1205 601 1313 679 aliqua

120 721 255 799 vestigia
278 721 431 782 sermonis
454 719 566 782 Graeci
588 739 607 781 a
628 719 747 799 volgari
770 718 971 781 abhorrentis
992 720 1224 799 reperirentur,
1259 721 1311 780 in-

125 858 204 918 gens
227 839 308 900 facta
330 850 414 902 esset
435 841 530 902 huius
552 839 628 900 libri
650 839 765 918 moles,
798 858 879 918 quae
902 839 962 900 nisi
985 857 1158 919 permagno
1181 850 1311 920 sumptu

24 989 30 1006 ›
123 960 208 1040 typis
231 958 367 1039 imprimi
391 978 453 1020 non
477 961 633 1039 potuisset
649 977 753 1038 neque
769 968 875 1020 tamen
890 958 987 1020 ullius
1004 959 1134 1037 generis
1150 960 1222 1020 usui
1239 968 1313 1039 apta

126 1077 247 1140 luisset.
287 1079 435 1140 nimirum
459 1079 497 1157 ii,
525 1078 580 1158 qni
604 1078 824 1158 grammaticae
848 1078 980 1138 alicuius
1003 1079 1198 1157 quaestionis
1220 1097 1313 1140 causa

124 1197 232 1264 titulos
256 1199 448 1278 perscrutari
473 1198 596 1276 volent,
628 1216 669 1258 ne
692 1197 763 1258 talis
786 1196 918 1276 quidem
941 1196 1015 1257 libri
1039 1196 1157 1259 linibus
1179 1216 1213 1258 se
1237 1213 1314 1260 con·-

124 1318 227 1379 tinere
256 1326 418 1397 poterunt,
450 1335 491 1377 ne
519 1317 621 1378 alieno
643 1315 760 1378 iudicio
783 1335 875 1378 suum
899 1316 1098 1397 supplevisse
1122 1316 1309 1393 videantur;

126 1439 166 1496 iis
189 1446 315 1511 autem,
341 1435 394 1515 qui
417 1437 497 1497 nihil
520 1435 607 1497 aliud
628 1446 724 1515 agent
747 1437 819 1514 nisi,
845 1445 881 1497 ut
902 1435 1039 1514 aliquam
1063 1436 1232 1515 imaginem
1256 1455 1314 1497 va-

127 1557 246 1617 riarum
276 1554 481 1616 dialectorum
511 1556 588 1618 satis
617 1556 724 1617 multis
752 1566 783 1617 et
812 1555 933 1617 idoneis
956 1556 1107 1636 exemplis
1130 1567 1313 1618 exornatam

125 1685 354 1754 assequantur,
386 1674 521 1736 sufficiet
550 1673 709 1754 delectus,
743 1675 895 1754 inquom
926 1675 1148 1754 inscriptiones
1171 1695 1235 1736 non
1259 1695 1314 1737 re-

125 1804 236 1874 ceptae
268 1794 332 1855 sint
360 1794 419 1854 nisi
448 1792 672 1855 memorabiles
699 1804 753 1856 aut
781 1803 914 1874 propter
943 1793 1057 1855 formas
1081 1797 1309 1874 grammaticas,

126 1933 207 1994 quae
236 1914 269 1974 in
299 1915 345 1975 eis
374 1913 532 1991 legantur,
565 1923 619 1974 aut
647 1923 779 1993 propter
804 1923 922 1974 certam
945 1913 1104 1993 quandam
1128 1913 1311 1995 dialectum,

129 2052 225 2114 quam
247 2033 300 2093 vel
322 2032 402 2094 solae
423 2033 476 2093 vel
499 2033 735 2095 accuratissime
757 2034 964 2094 servaverint.
1005 2053 1074 2095 eam
1097 2034 1194 2114 igitur
1211 2036 1313 2115 legem

124 2153 204 2213 mihi
226 2153 386 2233 proposui,
410 2161 446 2213 ut
460 2151 713 2231 uniuscuiusque
729 2153 846 2232 speciei
863 2154 1017 2214 sermonis
1033 2152 1145 2215 Graeci
1161 2155 1313 2216 nonnulla

125 2272 315 2350 exemplaria
331 2271 475 2332 afferrem
490 2290 572 2333 neve
588 2271 848 2351 inscriptionibus
863 2281 918 2334 aut
933 2283 1117 2353 argumento
1130 2283 1184 2334 ant
1196 2293 1313 2353 genere

127 2389 256 2452 dicendi
278 2393 364 2451 inter
386 2409 416 2450 sc
438 2409 569 2471 prorsus
592 2390 749 2452 similibus
772 2393 938 2454 cumulatis
960 2393 1107 2453 volumen
1127 2402 1159 2454 et
1174 2393 1313 2472 pretium

125 2509 200 2571 libri
221 2509 304 2571 ultra
327 2509 442 2571 iustum
465 2509 593 2571 modum
609 2529 770 2590 angerem.
812 2520 843 2572 et
858 2512 1007 2590 quoniam
1023 2513 1056 2572 in
1072 2512 1218 2573 omnibus
1234 2513 1314 2573 civi-

124 2628 245 2691 tatibus
268 2627 396 2689 Graecis
418 2627 622 2690 dialectorum
646 2629 868 2710 indigenarum
892 2639 923 2692 et
944 2629 1094 2711 publicus
1117 2641 1148 2693 et
1169 2633 1314 2712 privatus

124 2767 203 2811 usus
225 2751 257 2808 in
281 2747 448 2810 scribendo
470 2749 622 2828 paulatim
646 2748 783 2810 abolevit
805 2752 1005 2830 maximeque
1028 2760 1099 2831 post
1114 2769 1313 2812 communem

124 2869 260 2929 lonicam
291 2869 486 2929 literaturam
516 2877 676 2948 receptam
707 2871 800 2930 etiam
830 2889 931 2930 sermo
955 2871 1117 2931 hominum
1139 2871 1314 2932 communis

125 2988 272 3049 atticismi
303 2988 421 3066 regulis
448 2988 621 3067 constringi
650 2998 779 3068 coeptus
802 2998 868 3065 cst,
901 2989 971 3050 lieri
993 3007 1056 3049 non
1080 2990 1199 3070 potuit,
1234 2992 1312 3070 quin

123 3107 290 3168 titulorum
312 3107 473 3168 literatura
495 3108 669 3169 vetustiore
692 3109 880 3188 scriptorum
904 3108 1040 3169 maxima
1062 3127 1136 3188 pars
1159 3109 1234 3170 huic
1255 3109 1314 3171 de-

124 3227 223 3288 lectui
251 3229 457 3288 insereretur.
506 3244 546 3287 ex
575 3245 708 3305 quorum
736 3245 869 3289 numero
899 3246 952 3289 eos
980 3237 1104 3290 tantum
1136 3229 1313 3291 reiciendos

125 3363 196 3407 csse
219 3347 339 3426 putavi,
367 3348 423 3426 qui
443 3356 496 3408 ant
518 3347 584 3407 sola
606 3347 732 3408 nomine
756 3348 886 3427 propria
902 3349 1100 3409 continerent
1115 3358 1169 3410 aut
1186 3349 1228 3409 ita
1244 3367 1314 3410 cor-

126 3466 214 3544 rupti
244 3475 276 3526 et
305 3466 439 3528 mutilati
469 3476 593 3545 essent,
625 3475 662 3527 nt
690 3466 770 3527 nihil
801 3485 841 3528 ex
864 3468 910 3527 eis
933 3466 1012 3528 disci
1041 3477 1158 3548 posset.
1205 3487 1312 3549 neque

127 3583 257 3646 difficile
273 3583 335 3646 luit
349 3586 393 3647 ita
407 3603 512 3664 agere,
527 3604 598 3646 cum
615 3585 839 3666 inscriptiones
853 3588 1043 3648 vetustiores
1057 3606 1121 3649 non
1136 3589 1179 3648 ita
1195 3589 1313 3650 multae

125 3713 269 3765 servatae
292 3706 367 3765 sint.
407 3704 462 3766 sed
478 3703 553 3766 inde
570 3723 609 3765 ex
626 3722 662 3766 ea
678 3713 788 3783 aetate,
816 3724 879 3786 qua
894 3708 1000 3767 variae
1016 3707 1199 3769 literaturae
1215 3708 1314 3769 Grae-

126 3842 180 3884 cae
204 3825 362 3885 communi
385 3825 506 3885 lonicae
529 3834 704 3903 cesserunt,
729 3843 824 3904 quam
847 3835 999 3904 aetatem,
1025 3828 1083 3887 etsi
1106 3845 1169 3888 non
1190 3826 1312 3907 ubique

126 3941 238 4004 cadem
261 3941 332 4043 luit,
356 3954 461 4004 tamen
483 3962 641 4023 nusquam
664 3944 798 4006 multum
820 3944 983 4007 abolet
1013 3945 1065 4027 (=
1081 3947 1141 4006 400
1158 3965 1186 4007 a.
1207 3946 1310 4030 Chr),

127 4081 189 4142 quo
210 4070 353 4143 tempore
375 4060 506 4124 Athenis
529 4063 606 4124 haec
628 4064 759 4125 mutatio
782 4064 863 4126 facta
886 4074 950 4144 est,
977 4064 1095 4127 aluisse
1118 4067 1186 4128 veri
1209 4067 1312 4128 simile

126 4193 191 4261 est,
216 4182 276 4242 alia
300 4183 377 4244 ratio
400 4181 562 4262 sequenda
586 4182 656 4244 luit.
703 4185 831 4244 omnino
854 4185 940 4245 enim
963 4185 1046 4247 inter
1068 4185 1176 4247 titulos
1198 4205 1312 4248 recen-

124 4303 203 4363 tiore
226 4301 389 4364 literatura
412 4303 543 4382 scriptos
566 4321 629 4363 non
651 4303 742 4364 multi
765 4313 849 4381 sunt,
875 4305 929 4383 qui
954 4303 1125 4367 dialectum
1148 4307 1217 4367 eius
1233 4307 1313 4366 civi-
