3178 5188
450 937 490 1017 B.
543 933 861 1016 Boeotia.

154 1163 320 1245 ‘Syllogen
341 1163 579 1242 inscriptionum
594 1157 823 1222 Boeoticarum’
838 1157 939 1221 edidit
959 1161 995 1220 K.
1015 1161 1103 1239 lirin,
1129 1162 1252 1241 Lipsiae

71 1265 161 1327 tart.
188 1265 244 1328 sed
268 1285 459 1346 quamquam
483 1273 514 1327 et
536 1265 569 1325 in
586 1265 644 1324 hoc
665 1262 745 1324 libro
761 1272 792 1323 et
807 1264 840 1323 in
858 1262 995 1343 Corpore
1011 1263 1252 1342 inscriptionum

69 1367 258 1430 Graecarum
291 1376 322 1428 et
344 1367 414 1428 aliis
443 1366 519 1428 locis
542 1367 632 1427 multi
657 1366 740 1427 tituli
762 1365 898 1426 Boeotici
922 1365 998 1427 editi
1022 1376 1114 1442 sunt,
1146 1375 1251 1429 tamen

68 1489 181 1551 paucos
209 1479 330 1531 tantum
361 1469 485 1548 delegi,
522 1469 595 1549 quia
626 1469 773 1549 plerique
804 1470 889 1529 inter
911 1487 944 1530 se
973 1487 1105 1549 prorsus
1133 1471 1253 1532 similes

67 1582 141 1634 sunt
173 1581 204 1634 et
225 1573 300 1635 solis
330 1553 512 1634 nominibus
545 1571 684 1652 propriis
716 1571 929 1633 continentur.
965 1607 1008 1618 -
1043 1571 1088 1633 De
1122 1570 1252 1634 dialecto

67 1676 207 1738 Boeotico
231 1677 442 1756 scripserunt:

67 1798 103 1858 E.
128 1798 304 1873 Brennum,
338 1793 378 1859 de
409 1794 542 1857 dialecto
570 1794 728 1872 Boeotico,
761 1793 883 1874 Lipsiae
909 1793 990 1854 1876
1029 1794 1071 1877 (in
1095 1793 1132 1855 G.
1152 1794 1253 1857 Curtii

156 1898 362 1961 ‘studiorum'
391 1897 451 1959 vol.
478 1897 549 1981 IX),
583 1895 639 1957 ubi
670 1896 754 1957 tituli
784 1898 921 1957 Boeotici
944 1916 1052 1958 omnes
1075 1900 1253 1960 enumerati

156 2011 240 2063 sunt.

66 2102 103 2164 Α.
127 2105 279 2181 Fumone,
305 2103 349 2160 De
372 2100 497 2162 dialecto
517 2103 668 2162 Boeotico.
694 2100 858 2181 Gottingae
884 2098 978 2160 ⁴876.

67 2209 126 2266 W.
144 2207 262 2284 Cornu,
296 2203 465 2265 ‘Kritirclte
487 2206 629 2286 Beitrttpe
650 2223 712 2266 zar
733 2204 829 2265 Leltre
850 2223 917 2265 com
939 2205 1116 2286 Dr'pcmmo'
1148 2206 1191 2282 (in
1215 2205 1250 2267 G.

154 2310 253 2372 Curtii
280 2306 481 2369 ‘Studiorum’
505 2308 566 2368 vol.
586 2308 626 2368 IX
641 2328 674 2388 p.
694 2307 754 2368 4¹07
772 2307 856 2390 sqq.)
885 2307 994 2369 indea
1015 2329 1047 2388 p.
1067 2309 1129 2370 tat
1145 2328 1254 2369 exem-

154 2414 205 2494 pla
229 2411 429 2491 digammatis
460 2412 493 2470 in
522 2409 621 2472 titulis
644 2411 797 2472 Boeoticis
827 2411 979 2472 exstantia
1002 2412 1194 2472 examinavit
1224 2423 1256 2474 et

156 2515 384 2577 demonstravit
407 2512 563 2593 digamma
579 2513 665 2593 apud
680 2515 809 2574 Boeotos
825 2514 966 2594 exceptis
983 2512 1164 2575 nominibus
1180 2534 1255 2596 pro-

153 2619 231 2699 priis
259 2619 292 2678 in
315 2617 424 2697 paucis
451 2625 572 2676 tantum
598 2615 760 2678 vocabulis
786 2616 930 2679 sollemni
958 2635 1075 2696 genere
1102 2616 1253 2697 loquendi

153 2721 284 2782 firmatis
308 2719 364 2781 diu
387 2729 546 2781 servatum
570 2737 650 2780 esse.

513 2954 544 3020 1.
561 2953 809 3023 Orchomenus.

70 3111 137 3179 107
166 3092 218 3195 [τ’
236 3113 343 3194 teter]
369 3115 502 3175 Marmor
524 3112 696 3174 candidum
718 3112 905 3193 oblongum,
923 3149 967 3158 -
988 3133 1079 3175 muro
1103 3115 1257 3178 ecclesiae

154 3218 192 3278 l).
216 3219 330 3278 llariae
354 3215 462 3296 oppidi
479 3216 593 3296 Scripu
613 3235 713 3296 prope
733 3216 965 3278 Orchomenum
989 3217 1062 3277 olim
1084 3218 1255 3280 insertum.

154 3331 286 3382 -tum
309 3318 350 3380 ab
372 3320 497 3400 Elginio
520 3319 552 3379 in
576 3320 771 3380 Britanniam
794 3319 934 3381 delatum
957 3330 1016 3380 est.
1063 3322 1196 3383 Boncrn.

177 3505 326 3593 Θυνάρχω
356 3499 500 3593 ἄρχοντος
537 3501 635 3590 petati<
664 3502 854 3588 Oeltltoulliro,
891 3503 1048 3593 Ἀρχίαρος
1075 3503 1214 3592 Εὗμείλω

175 3609 293 3695 captiae
315 3605 444 3696 Εὖβώλυ
464 3603 639 3695 Ἀρχεδάμω
661 3609 778 3676 <buxeio
798 3610 892 3696 xpiloe
914 3606 1057 3674 ἀπέδωκα
1080 3607 1138 3675 ἀπὸ
1161 3613 1214 3684 τᾶς

140 3725 156 3774 5
179 3708 359 3798 αουγγράφω
373 3710 384 3799 ΙΙ
397 3707 475 3776 πεδὰ
496 3717 554 3775 τῶν
576 3707 776 3798 πολεμάρχων
799 3707 837 3797 κὴ
859 3716 918 3776 τῶν
936 3716 939 3795 l
957 3709 1132 3777 κατοπτάων
1155 3709 1214 3779 ἀν-

176 3813 316 3900 ελόμενος
345 3812 398 3887 τὰς
422 3818 426 3902 Ι
450 3810 647 3901 σουγγράφως
674 3811 727 3887 τὰς
754 3816 878 3899 κιμένας
906 3812 967 3902 πὰρ
996 3808 1147 3902 Er'ilqporu
1174 3814 1213 3902 κή

124 3930 156 3979 10
180 3918 289 3983 <Didius
312 3914 350 4005 κὴ
376 3917 537 3982 [leuraldo
556 3921 559 4001 l
575 3915 613 4003 κὴ
637 3913 817 4002 Τιμόμειλον
841 3919 980 3992 <baucias
1002 3916 1042 4004 aq*
1066 3919 1248 4006 depellis·

176 4025 238 4086 λειν
262 4017 426 4106 Λυσιδάμω
454 4017 492 4106 κὴ
522 4017 685 4086 Διωνόσιον
703 4027 706 4107 l
724 4017 935 4109 Καφισοδῶρω
963 4021 1126 4109 Χηρωνεῖα
1159 4021 1216 4089 κὰτ

175 4122 208 4189 τὸ
232 4121 381 4211 ψάιφισμα
402 4127 444 4189 τῶ
469 4119 556 4208 δάμω
583 4126 773 4208 (sequuntur
795 4137 886 4189 notae
909 4129 1139 4210 numerorum).

259 4224 410 4314 Θυνάρχω
432 4219 575 4314 ἄρχοντος
599 4223 697 4311 μεινὸς
714 4224 943 4312 Ἀλαλὶκομενίω
966 4227 1087 4314 Ράρνων
1108 4229 1215 4294 Πολυ-

123 4339 155 4392 15
178 4332 276 4404 κλεῖος
290 4328 300 4417 ll
312 4330 421 4415 ταμίας
443 4327 580 4396 ἀπέδωκε
596 4327 719 4418 Εόβώλυ
741 4327 922 4419 Ἀρχεὶδάμω
944 4333 1061 4397 Burrio
1083 4329 1141 4397 ἀπὸ
1161 4337 1214 4407 τᾶς

177 4431 366 4522 σουγγράίφω
389 4430 421 4500 τὸ
437 4431 607 4500 κατάλυπον
621 4430 710 4500 adteri
727 4431 868 4522 ψάφισμα
885 4434 889 4515 Ι
904 4438 947 4500 τῶ
971 4431 1075 4521 δάμω,
1102 4433 1214 4502 ἀνελό-

119 4552 208 4602 Gaunn,
224 4553 331 4595 Delectur
345 4553 449 4604 inscript.
465 4553 543 4595 Graec.
1035 4562 1049 4608 9
