3238 5198
337 332 356 372 χ
369 381 373 392 Ι
842 314 1023 364 Prooemium.

345 587 438 630 causa
468 570 614 630 volumen
642 551 741 631 libelli
765 587 882 649 augere
904 588 1018 650 operae
1041 571 1180 650 pretium
1204 589 1268 631 nou
1291 590 1361 632 esse
1384 573 1464 633 mihi
1490 575 1538 632 ri·
1612 559 1613 570 ¹

346 707 414 749 sum
438 689 489 749 sit.
536 698 640 750 tamen
671 707 770 750 unum
793 688 974 768 exemplum
998 690 1207 751 vetustiorum
1229 692 1392 752 titulorum
1414 691 1563 776 Attico-¹

345 827 432 884 rum,
466 809 499 868 in
530 825 591 887 quo
620 808 771 869 nonnulla
800 817 975 869 memoratu
998 806 1094 887 digua
1118 811 1339 889 reperiuntur,
1373 813 1482 891 recepi
1507 823 1539 873 et

345 926 455 988 addidi
486 929 709 1009 epigrammata
732 926 879 988 versibus
903 927 1050 1006 elegiacis
1072 932 1241 1009 composita
1265 948 1319 1008 ea,
1354 930 1537 1009 exquibus

346 1046 425 1108 disci
447 1039 568 1127 potest',
600 1064 662 1126 quo
684 1046 776 1107 modo
798 1045 893 1107 Attici
918 1048 1013 1108 etiam
1036 1048 1069 1107 in
1093 1067 1130 1108 eo
1153 1067 1271 1127 genere
1294 1068 1442 1130 poeseos,
1474 1069 1539 1130 quo

344 1167 452 1227 lanum
483 1167 657 1227 imitatores
679 1176 801 1244 essent,
834 1184 922 1228 suam
945 1166 1207 1228 consuetudinem
1231 1166 1361 1229 dicendi
1383 1188 1536 1230 servave-
1614 1187 1615 1224 θ

347 1286 423 1346 rint.
463 1287 541 1346 haec
564 1287 789 1366 epigrammata
812 1304 848 1346 eo
870 1284 1023 1347 libentius
1046 1287 1164 1366 recepi,
1190 1287 1276 1366 quod
1299 1290 1332 1348 in
1347 1289 1537 1349 universum

346 1403 386 1466 ab
408 1391 670 1484 inscriptionibus
692 1405 831 1466 metricis
854 1423 903 1465 me
927 1404 1087 1468 abstinere
1106 1405 1292 1482 debueram,
1318 1408 1437 1487 quippe
1453 1425 1537 1486 qua-

345 1542 415 1585 rum
444 1537 622 1604 perpaucae
651 1543 828 1586 sermonem
858 1526 927 1586 eius
950 1525 1101 1605 civitatis,
1140 1527 1172 1587 in
1196 1545 1258 1605 qua
1282 1526 1382 1588 laetae
1412 1536 1532 1602 essent,
1615 1579 1616 1610 3

344 1663 467 1705 merum
490 1653 682 1704 servassent.

432 1765 469 1824 ll.
501 1764 564 1824 lam
581 1764 607 1824 si
624 1763 762 1843 quaeris,
788 1781 849 1842 qua
866 1764 1035 1824 rationein
1053 1764 1130 1844 ipsis
1146 1765 1248 1826 titulis
1263 1766 1533 1828 transscribendis

347 1901 425 1944 usus
439 1884 510 1960 sim,
523 1901 634 1944 rursus
647 1882 677 1944 id
696 1885 832 1943 maxime
844 1882 1029 1944 memineris
1041 1883 1127 1944 hunc
1139 1883 1297 1945 delectum
1316 1885 1431 1947 modici
1444 1887 1535 1948 volu-

345 2003 443 2064 minis
455 2020 616 2082 parvoque
632 2003 735 2082 pretio
751 2001 926 2082 parabilem
943 2002 1012 2062 fieri
1028 1975 1189 2064 debuisse,
1220 2022 1302 2084 quae
1317 2006 1369 2065 lex
1385 2007 1533 2085 quoniam
1616 1993 1617 1996 ¹

347 2123 450 2185 vetuit
464 2123 716 2202 uniuscuiusque
739 2122 823 2184 tituli
847 2131 880 2182 et
903 2122 1072 2201 imaginem
1088 2122 1190 2183 literis
1205 2124 1387 2186 maiusculis
1404 2145 1536 2207 expres-

344 2261 411 2303 sam
426 2251 458 2303 et
468 2243 681 2322 apographum
698 2241 884 2302 minusculis
900 2241 1051 2320 scriptum
1065 2259 1253 2321 proponere,
1265 2242 1401 2305 duorum
1415 2246 1534 2305 incom-

345 2360 509 2422 modorum
537 2362 672 2422 alterum
694 2360 917 2422 sustinendum
947 2359 1017 2421 fuit.
1065 2378 1136 2421 uam
1160 2379 1289 2422 necesse
1314 2361 1374 2424 luit
1403 2374 1473 2441 aut,
1506 2365 1533 2424 si
1617 2366 1618 2430 l

343 2481 541 2542 minusculae
564 2480 675 2542 literae
690 2467 946 2559 praeferrentur,
982 2481 1170 2560 scripturam
1198 2481 1231 2540 iu
1255 2481 1323 2561 ipso
1345 2483 1452 2562 lapide
1476 2503 1533 2544 ex-

344 2609 491 2676 stantem,
519 2600 587 2660 sive
610 2618 668 2679 per
691 2617 725 2660 se
747 2619 810 2660 non
832 2617 962 2679 prorsus
985 2609 1069 2660 certa
1092 2609 1177 2660 esset
1200 2601 1533 2682 siveexplicationem

346 2719 580 2800 grammaticam
604 2720 754 2779 incertam
780 2718 940 2797 redderet,
965 2718 1182 2797 compluribus
1197 2720 1273 2781 locis
1287 2719 1451 2783 obscurari
1466 2732 1530 2801 aut,

345 2841 371 2902 si
394 2839 604 2916 maiusculae,
637 2838 804 2900 lectionem
835 2839 1075 2917 inscriptionum
1105 2838 1315 2900 difficiliorem
1345 2841 1414 2902 lieri
1438 2860 1533 2921 quam

344 2979 402 3040 pro
432 2958 578 3020 lacultate
607 2978 735 3033 eornm,
767 2977 901 3038 quorum
933 2959 1006 3019 usui
1035 2958 1088 3018 hic
1116 2957 1199 3019 liber
1229 2958 1405 3022 destinatus
1436 2970 1530 3022 esset.

345 3079 457 3141 horum
487 3079 585 3158 igitur
614 3078 882 3140 incommodorum
911 3097 981 3139 cum
1000 3077 1140 3138 alterum
1163 3079 1267 3140 levius
1290 3097 1360 3141 esse
1383 3080 1461 3140 mihi
1483 3081 1535 3140 vi-

344 3198 485 3277 deretur,
511 3198 690 3278 apographa
713 3198 813 3260 literis
837 3197 1022 3259 minusculis
1045 3198 1161 3278 scripta
1183 3199 1330 3278 praetuli,
1357 3199 1415 3261 sed
1437 3200 1469 3261 iu
1487 3200 1533 3260 eis

345 3318 565 3399 comparandis
588 3319 740 3394 maxima,
773 3336 835 3398 qua
859 3319 964 3397 potui,
998 3317 1163 3397 diligentia
1185 3316 1220 3378 id
1243 3319 1308 3397 egi,
1335 3326 1370 3380 ut
1392 3319 1533 3398 singulas

344 3438 469 3514 literas,
503 3439 615 3518 quales
638 3439 670 3499 in
693 3437 798 3518 lapide
821 3438 1023 3516 legerentur,
1051 3439 1247 3516 accuratiuS,
1274 3456 1369 3517 quam
1391 3439 1535 3518 plerum-

347 3575 410 3636 que
434 3557 500 3618 fieri
517 3559 643 3635 soleret,
670 3557 894 3638 exprimerem.
935 3557 994 3616 hoc
1009 3575 1071 3637 quo
1088 3557 1193 3618 miuus
1208 3555 1416 3637 adipiscerer,
1435 3558 1534 3618 maior

344 3676 512 3739 difficultas
527 3677 630 3739 obluit
644 3677 676 3737 in
694 3677 739 3738 eis
754 3676 866 3754 titulis,
882 3677 937 3756 qui
952 3677 1122 3738 vetustiore
1139 3677 1300 3738 literatura
1317 3679 1427 3756 scripti
1444 3685 1528 3754 suut,

345 3815 440 3877 quam
463 3797 495 3858 iu
519 3798 645 3858 ceteris
693 3807 771 3858 uam·
790 3815 851 3857 uon
869 3814 986 3876 paucae
1002 3805 1075 3857 sunt
1092 3813 1154 3871 rcS,
1180 3796 1213 3855 in
1230 3794 1346 3875 quibus
1361 3797 1408 3856 illi
1423 3797 1533 3857 litera-

344 3925 434 3980 turae
450 3925 557 3978 nostra
572 3917 652 3978 ratio
667 3915 842 3992 scribendi,
859 3934 954 3996 quam
969 3934 987 3976 a
1003 3916 1217 3996 grammaticis
1227 3916 1411 3996 posterioris
1422 3915 1534 3976 aetatis

345 4037 537 4117 accepimus,
554 4035 783 4099 accommodari
806 4054 868 4097 uon
892 4037 1006 4116 possit;
1035 4034 1068 4095 iu
1091 4033 1210 4115 quibus
1232 4033 1379 4096 omuibus
1395 4045 1532 4096 nostram

345 4156 605 4219 consuetudinem
635 4173 728 4235 quam
756 4164 932 4217 accuratam
955 4156 1163 4216 imitationem
1185 4156 1333 4234 autiquae
1356 4156 1532 4234 scripturae

344 4276 514 4356 neglegere
537 4276 643 4337 malui.
693 4275 800 4355 itaque
823 4271 849 4337 E
872 4285 903 4336 et
925 4269 950 4336 0
973 4274 1100 4354 literas,
1133 4275 1201 4336 sive
1224 4297 1268 4353 ει,
1295 4296 1330 4337 ου
1353 4277 1421 4336 sive
1443 4298 1481 4356 η,
1507 4297 1532 4333 ω
