3238 5198
352 299 404 354 vm
852 281 1035 330 Prooemium.

350 537 439 614 tatis,
471 536 503 595 in
527 553 622 613 quam
645 533 833 595 referendae
856 536 936 614 sint,
969 553 1089 598 meram
1112 539 1327 615 servaverint,
1353 543 1385 598 ut
1407 535 1535 598 tabulae

284 631 286 635 ι
315 661 318 666 “
351 656 578 717 Heracleenses
598 653 664 735 (nn.
683 655 713 714 8.
733 653 762 735 9)
783 653 953 716 dialectum
968 656 1154 717 Dorcnsium
1170 658 1346 718 Italicorum
1363 655 1411 716 vel
1429 655 1535 718 tabula

351 794 455 855 nuper
477 774 632 854 Olympiis
663 775 773 834 effossa
809 772 849 854 (n.
879 773 949 855 tto)
984 774 1154 836 dialectum
1181 776 1337 837 Eleorum.
1383 794 1425 836 cx
1455 794 1536 855 quo-

350 915 422 956 rum
444 911 578 955 numero
601 911 663 953 non
683 893 727 954 ita
741 911 853 972 magno
868 877 918 954 me
935 894 1059 956 nullum
1074 895 1136 955 nisi
1152 893 1230 956 lorte
1246 897 1377 956 invitum
1394 897 1534 956 omisisse

349 1017 405 1074 vix
434 1023 482 1074 cst
511 1011 597 1091 quod
626 1031 878 1073 commemorem.
925 1023 1053 1092 praeter
1082 1032 1133 1075 eos
1162 1024 1267 1076 autem
1290 1032 1477 1095 quamquam
1500 1017 1534 1074 in

349 1133 510 1213 plerisque
541 1131 720 1193 civitatibus
751 1133 879 1194 Doricae
907 1133 960 1192 vel
987 1131 1131 1194 Aeolicae
1161 1135 1291 1213 originis
1318 1134 1405 1195 nulla
1433 1143 1534 1196 aetate

350 1253 467 1314 desunt
489 1252 584 1329 tituli,
610 1253 666 1330 qui
690 1275 710 1313 α
732 1252 832 1313 vocali
854 1253 946 1331 longa
968 1271 1025 1332 pro
1048 1275 1067 1335 η
1091 1263 1216 1314 servata
1240 1263 1268 1314 et
1287 1253 1448 1314 nonnullis
1465 1255 1535 1315 aliis

350 1372 447 1434 rebus
476 1370 610 1431 colorem
640 1371 801 1449 quendam
823 1372 958 1432 Dorismi
980 1373 1031 1434 vel
1053 1369 1203 1438 Aeolismi
1226 1372 1360 1434 similem
1383 1372 1532 1450 efficiant,

349 1501 457 1556 tamen
485 1493 517 1551 in
547 1491 594 1551 eis
623 1492 723 1570 magis
751 1491 888 1570 volgaris
918 1510 1022 1552 sermo
1051 1494 1161 1570 paucis
1187 1493 1330 1570 reliquiis
1353 1493 1535 1554 vetustioris

349 1612 477 1692 generis
507 1608 636 1670 dicendi
663 1620 857 1690 temperatus
880 1629 974 1689 quam
1003 1612 1213 1691 primigenius
1234 1610 1378 1673 Aeolicus
1400 1613 1451 1673 vel
1473 1612 1535 1671 Do-

351 1733 435 1791 ricus
465 1737 610 1790 servatus
639 1739 764 1792 exstare
795 1728 985 1792 iudicandus
1008 1740 1066 1792 est.
1115 1750 1155 1791 ex
1176 1731 1284 1792 talium
1308 1732 1405 1810 igitur
1428 1750 1535 1792 exem-

349 1850 487 1930 plarium
511 1851 586 1910 satis
610 1867 721 1929 magna
744 1849 948 1911 multitudine
971 1870 1034 1911 non
1057 1859 1121 1911 tam
1145 1869 1185 1910 ex
1206 1859 1289 1911 certa
1304 1850 1411 1930 aliqua
1427 1852 1535 1931 regula

350 1989 445 2049 quam
468 1987 565 2030 sensu
589 1967 724 2048 quodam
748 1971 949 2048 grammatico
972 1988 1073 2050 pauca
1098 1969 1243 2049 eligenda
1257 1967 1398 2031 luerunt.
1432 1978 1462 2031 et
1475 1989 1535 2049 per

351 2108 385 2150 se
409 2098 506 2169 patet,
534 2107 596 2167 qno
620 2090 692 2168 quis
715 2087 898 2149 inferiorem
921 2098 1056 2150 aetatem
1080 2089 1260 2168 quaerendo
1283 2100 1479 2169 assequatur,
1499 2108 1535 2149 eo

350 2211 487 2269 rariores
509 2209 578 2269 lieri
601 2209 839 2287 inscriptiones,
859 2226 940 2286 quae
963 2219 1094 2289 propter
1117 2208 1246 2269 formam
1267 2202 1392 2270 dialecti
1416 2227 1535 2269 memo-

350 2339 421 2390 ratu
451 2327 566 2407 dignae
596 2345 664 2387 esse
694 2324 873 2387 videantur.
922 2347 985 2408 qua
1013 2347 1048 2388 rc
1080 2331 1183 2407 quarti
1218 2348 1247 2390 a.
1271 2329 1344 2390 Chr.
1370 2347 1402 2388 11.
1436 2328 1533 2389 seculi

286 2451 288 2454 ’
348 2449 456 2528 plures
480 2448 588 2527 recepi
611 2464 705 2525 quam
729 2447 827 2524 tertii,
853 2449 940 2508 tertii
964 2448 1072 2528 plures
1097 2467 1191 2528 quam
1214 2447 1353 2511 secundi.
1401 2446 1535 2526 quodsi

348 2569 445 2630 unius
474 2567 609 2627 civitatis
640 2567 818 2646 complures
847 2577 901 2628 aut
930 2568 1021 2630 multi
1052 2569 1136 2630 tituli
1167 2587 1227 2647 per
1246 2587 1280 2629 se
1302 2569 1424 2648 pariter
1446 2566 1534 2646 digni

349 2686 559 2764 videbantur,
593 2687 649 2764 qui
672 2687 906 2765 reciperentur,
934 2705 1060 2768 semper
1083 2685 1116 2747 id
1139 2689 1206 2766 egi,
1237 2697 1270 2748 ut
1293 2705 1346 2748 eos
1369 2688 1532 2766 eligerem,

349 2808 406 2886 qui
435 2807 604 2867 maximam
631 2807 816 2866 varietatem
846 2815 1105 2884 argumentorum
1135 2806 1306 2867 efficerent.
1353 2817 1475 2885 tamen,
1510 2807 1536 2866 si

349 2929 407 3007 qui
436 2926 519 2987 tituli
550 2923 693 2985 eiusdem
723 2927 902 3004 argumenti
933 2924 1156 3005 similibusque
1187 2929 1351 2988 sententiis
1374 2926 1536 3006 compositi

349 3049 508 3108 variorum
539 3053 717 3123 temporum
745 3047 850 3105 varias
879 3046 911 3105 in
942 3045 1052 3107 eadem
1083 3047 1211 3107 civitate
1233 3048 1371 3108 rationes
1400 3056 1431 3107 et
1453 3046 1536 3106 scri-

350 3164 447 3226 bendi
471 3173 502 3225 et
524 3162 754 3243 pronuntiandi
777 3163 1003 3245 ostendebant,
1037 3185 1100 3227 non
1124 3167 1235 3228 inutile
1259 3185 1328 3228 esse
1351 3167 1462 3247 putavi
1484 3183 1537 3225 eos

352 3285 534 3346 coniunctos
557 3302 746 3363 proponere.
793 3285 881 3345 velut
901 3285 1146 3366 Corcyraeorum
1170 3285 1296 3348 decreta
1319 3286 1360 3348 ad
1380 3283 1542 3370 προξενίαν·

350 3405 524 3484 spectantia
551 3401 617 3483 (nn.
637 3404 689 3464 28.
709 3405 759 3480 29)
787 3403 848 3465 duo
872 3406 979 3484 recepi
1002 3407 1198 3485 singularum
1222 3407 1452 3468 sententiarum
1470 3407 1538 3466 sin-

350 3524 432 3604 gulis
454 3522 562 3584 verbis
585 3524 670 3583 inter
691 3542 725 3583 se
747 3541 878 3602 prorsus
901 3525 1034 3601 similia,
1063 3524 1121 3586 sed
1145 3544 1223 3605 quae
1246 3527 1401 3588 sermonis
1425 3543 1539 3604 quam-

349 3645 399 3704 vis
421 3644 523 3704 levem
547 3643 750 3704 mutationem
769 3641 861 3704 brevi
878 3646 978 3723 spatio
993 3646 1146 3725 temporis
1163 3645 1274 3707 iactam
1290 3645 1414 3707 idoneis
1430 3662 1539 3705 exem-

348 3764 411 3843 plis
444 3763 615 3824 illustrent.
662 3781 768 3841 neque
802 3763 862 3824 alia
893 3782 986 3825 causa
1015 3763 1091 3842 fuit,
1129 3784 1186 3825 cur
1214 3765 1245 3826 in
1275 3761 1539 3844 inscriptionibus

351 3881 556 3945 Cretensibus
579 3875 619 3941 ab
643 3900 680 3942 ca
702 3883 790 3961 lege,
824 3900 919 3960 quam
941 3885 997 3944 toti
1020 3886 1095 3946 huic
1117 3883 1254 3946 delectui
1277 3894 1439 3963 tamquam
1462 3899 1539 3943 nor-

350 4022 433 4063 mam
457 3999 686 4075 adhibuissem
711 4001 904 4064 recederem.
945 4021 1018 4064 nam
1041 4023 1112 4065 cum
1128 4003 1315 4066 documenta
1334 4003 1539 4083 epigraphica

350 4123 468 4183 eahae
490 4119 593 4181 insula
615 4122 691 4180 satis
724 4139 836 4200 magno
852 4141 985 4184 numero
1007 4135 1132 4185 servata
1155 4124 1305 4204 reliquias
1327 4124 1461 4185 aliarum
1485 4139 1540 4182 re-

349 4242 475 4320 gionum
504 4238 711 4301 varietatibus
741 4259 804 4301 non
833 4250 897 4302 tam
927 4245 1103 4322 argumenti
1133 4252 1186 4304 aut
1216 4244 1326 4305 aetatis
1360 4261 1456 4323 quam
1478 4243 1538 4302 loci
