3178 5188
86 343 181 406 ⁸⁴⁴³]
611 345 730 394 Boeotia.
1202 345 1262 409 133

83 545 136 629 01,
162 567 242 630 quae
266 551 299 612 in
322 544 490 634 Τρεφωνίοι
512 552 646 630 scriptae
669 561 758 629 sunt,
786 552 970 634 ‹pvoealem
1000 553 1178 634 signifieare
1207 557 1263 616 vix

83 651 167 714 credi
189 661 302 732 potest.
335 656 516 734 exemplum
540 662 587 716 est
609 675 659 715 -οι
679 655 912 716 terminationis
934 653 1052 733 dativi,
1078 675 1159 736 quae
1181 673 1263 720 non-

82 774 234 835 nusquam
258 756 291 815 in
314 755 458 817 dialectis
481 755 609 817 Graeeis
633 757 810 836 reperitur,
836 775 996 837 quamque
1019 759 1113 820 etiam
1133 761 1264 822 alloeo-

82 859 120 918 tis
146 859 187 919 ita
216 860 450 937 pronuntiatam
479 877 548 920 esse
578 861 648 920 veri
676 859 779 922 simile
813 867 860 919 est
889 869 1020 939 propter
1042 863 1257 940 mutationem,

82 978 173 1040 quam
196 971 304 1041 postea
327 971 458 1042 experta
484 970 547 1039 est,
575 963 608 1022 in
625 984 652 1022 υ.
675 962 715 1024 ot.
732 959 876 1040 Ahrens,
905 961 991 1024 ‘dial
1010 960 1108 1026 Aeol!
1131 985 1163 1046 p.
1185 967 1257 1029 494.

80 1084 150 1123 -ε
173 1063 206 1123 in
221 1054 390 1147 Τρεφωνίοι
412 1081 471 1144 per
493 1063 720 1143 eorreptionem
745 1062 825 1124 faeta
848 1073 895 1125 est
918 1085 958 1126 ex
980 1089 1012 1142 o,
1037 1076 1074 1128 ut
1096 1068 1129 1128 in
1148 1061 1259 1153 Ἐρχο-
1300 1071 1302 1074 ’

81 1159 180 1245 μενός,
213 1166 302 1227 euius
332 1167 492 1246 complura
523 1166 667 1246 exempla
696 1165 794 1228 habes
818 1167 849 1227 iu
871 1168 972 1229 titulis
995 1170 1262 1249 praecedentibus

83 1267 140 1328 t07
148 1301 187 1314 -·
200 1269 273 1330 tte.

545 1488 578 1554 4.
607 1487 792 1572 Thespiae.

82 1607 202 1676 112111
231 1613 343 1674 sacello
373 1611 524 1674 semiruto
554 1613 638 1674 inter
660 1613 934 1692 Palaeopanagiam
965 1615 1070 1676 vicum
1095 1624 1125 1678 et
1147 1618 1261 1679 vallem

161 1717 338 1794 Musarum,
370 1715 466 1776 horae
498 1713 565 1776 iere
586 1716 687 1794 spatio
710 1714 906 1777 occidentem
928 1728 1041 1778 versus
1063 1737 1080 1779 a
1103 1719 1258 1800 Thespiis.

161 1815 250 1880 Ross.
476 1827 480 1835 ¹

117 1962 119 1966 ¹
187 1965 287 2056 Madp'
313 1965 356 2034 ἐπ’
377 1965 562 2054 Ὀῑίκλίείίλδᾳ
584 1965 609 2055 μ’
638 1968 770 2056 οπατὲρ
783 1967 935 2054 [blitildem
950 1966 1090 2059 baudelii,

272 2097 304 2144 ος
327 2073 412 2158 φίλος
433 2065 467 2136 ’dv
485 2071 487 2154 ί
503 2072 613 2144 πένθος
635 2072 738 2155 biuda]
754 2076 757 2158 ί
776 2068 988 2158 ἀποφθίμενος.

77 2245 135 2308 Ed.
159 2247 254 2323 Ross',
285 2243 345 2306 ‘Ad
359 2243 440 2326 Aug.
458 2245 650 2327 Boeokhium
665 2246 796 2327 epistola
812 2245 1036 2327 epigraphiea',
1063 2251 1148 2312 llalis
1165 2251 1257 2313 48440.

78 2359 214 2430 egerunt
243 2349 283 2412 de
307 2349 365 2412 hoo
388 2350 479 2412 titulo
502 2349 641 2428 Keilius,
676 2345 778 2411 ‘Arclt
804 2346 895 2412 Aba)
922 2350 1002 2414 l850
1026 2372 1057 2432 p.
1077 2354 1139 2415 208
1155 2371 1203 2435 sq,
1231 2365 1262 2418 et

76 2453 267 2531 Meinekius,
296 2448 399 2514 ‘Aret
424 2451 506 2514 Zeit’
531 2453 607 2513 4854
636 2472 669 2533 p.
688 2451 761 2514 285.

160 2556 230 2618 V.l
260 2549 424 2618 ολ..εδαι
453 2557 486 2616 in
514 2556 631 2636 lapide.
664 2549 840 2638 'Olufeibap
868 2556 956 2618 Ross.
988 2551 1146 2643 Ὀϊκλείδᾳ
1178 2563 1257 2625 Keil.

72 2653 229 2742 Ὀϊκλείδᾳ
250 2658 299 2719 vel
316 2652 456 2742 Ὀϊλείδᾳ
484 2659 639 2719 Meineke.
672 2660 705 2719 in
728 2651 850 2721 θανόντι
878 2679 934 2740 pro
962 2657 987 2720 Ν
1016 2671 1143 2724 exarata
1166 2673 1214 2727 est
1238 2663 1260 2729 5

77 2762 252 2842 eademque
278 2763 313 2822 in
341 2780 373 2822 v.
407 2763 555 2842 sequenti
577 2771 650 2823 ante
672 2759 793 2833 πένθος.
817 2797 861 2807 -
890 2763 1092 2842 Epigramma
1116 2775 1163 2842 est
1185 2787 1261 2848 per-

77 2876 255 2946 vetustum,
281 2884 473 2946 quamquam
496 2874 630 2926 aetatem
653 2866 806 2928 Hesiodea
833 2867 1024 2929 anteriorem
1046 2868 1101 2929 vix
1123 2879 1208 2933 reete
1232 2873 1261 2933 ei

76 2969 227 3032 tribuisse
249 2969 379 3031 videtur
400 2969 540 3030 Rossius.
572 2969 696 3049 singula
718 2969 817 3030 verba
846 2971 943 3032 variis
973 2973 1141 3034 sententiis
1163 2975 1260 3035 trium

75 3075 217 3150 uirorum
240 3071 402 3134 doctorum
423 3090 501 3134 usus
531 3073 576 3132 sio
598 3074 887 3153 transscripserim:

185 3167 284 3258 Mudp’
312 3167 353 3237 ἐπ’
376 3168 534 3256 Ὀϊκλείδᾳ
557 3167 583 3256 μ’
611 3167 754 3259 ὃπατείρ
777 3174 916 3238 &atteras
937 3169 1075 3239 daudati·

270 3270 309 3348 ὡς
331 3276 417 3361 φίλος
439 3268 478 3340 ὢν
500 3275 608 3348 πένθος
627 3276 726 3341 {lebret
751 3271 965 3363 ἀποφθίμενος.

75 3381 171 3444 Deest
200 3381 233 3442 in
261 3381 424 3442 literatura
453 3381 672 3460 antiquissima
702 3392 772 3443 nota
797 3383 927 3462 spiritus
950 3383 1066 3463 asperi.
1099 3383 1264 3462 elongam-

77 3503 139 3545 non
161 3509 181 3568 η
207 3503 275 3546 esse
297 3484 354 3546 sed
377 3506 405 3546 ει
425 3484 600 3544 Boeotioam
625 3486 745 3546 monuit
767 3485 887 3547 Keilius
909 3484 971 3546 1.l.

560 3703 592 3769 5.
626 3701 778 3770 Thebae.

77 3822 145 3890 113
169 3826 285 3888 Thebis
308 3836 380 3888 ante
403 3825 530 3888 domum
552 3827 720 3906 privatam.

390 3990 514 4058 Θεοκκῶ
531 3989 674 4080 Ἕρμαίω
699 3991 811 4082 ίοίρίεια]

390 4095 568 4163 Ποτειδάονι
590 4094 760 4185 ἐμπυλήοίιί.

77 4268 257 4333 Ediderunt
278 4274 314 4333 K.
341 4274 432 4352 Knu,
471 4272 559 4354 ‘Syll
586 4273 681 4334 inser.
707 4275 823 4334 Boeot'
845 4292 877 4335 n.
903 4273 957 4334 Xll
984 4272 1026 4354 (p.
1045 4273 1095 4355 73)
1124 4283 1156 4337 et
1176 4275 1262 4336 Ran-

77 4371 175 4452 gabt,
205 4369 286 4435 ‘dot
311 4375 402 4436 Heli)
424 4392 455 4435 n.
477 4374 575 4454 tuta,
603 4375 733 4455 repetiit
754 4376 804 4436 W.
822 4375 969 4454 Visober,
999 4375 1116 4459 ‘Epipm
1145 4397 1177 4438 u.
1204 4397 1262 4439 or-

75 4474 174 4538 ctdol.
199 4477 308 4539 Bettr!
330 4498 363 4558 p.
382 4478 421 4538 49
445 4475 553 4538 addita
574 4476 680 4538 tabula
709 4478 916 4558 lithograpba.
952 4480 1157 4542 memoranda
1187 4491 1262 4543 sunt
