3178 5188
83 343 173 399 aba]
599 339 711 390 Lesbos.
1205 343 1264 404 155

80 561 153 622 quas
173 562 284 605 omnes
308 562 495 605 enumerare
518 544 647 624 longum
670 553 733 623 est,
760 544 969 607 Kircbbolfius
991 564 1027 606 ex
1050 545 1176 606 schedis
1199 546 1264 608 suis

80 665 198 707 mecum
228 647 484 726 communicavit,
517 664 651 725 quarum
680 647 850 708 nonnullae
884 646 924 708 ad
952 648 1163 727 cognitionem
1193 647 1264 708 dia-

79 749 146 810 lecti
169 747 334 810 Lesbiacae
358 748 416 810 hoc
437 748 528 809 titulo
550 747 727 828 augendam
751 751 865 810 summi
893 751 1043 811 momenti
1066 759 1150 812 sunt.
1191 769 1262 812 cum

79 852 184 912 literae
208 844 366 934 στοιχηδὸν
389 851 510 930 positae
534 860 656 930 essent,
688 850 755 912 iere
785 852 888 912 omnia
918 853 1095 914 certissime
1118 853 1261 934 suppleri

78 963 256 1032 potuerunt.
283 972 319 1016 ac
341 954 404 1014 noli
429 954 557 1031 mirari,
583 952 669 1033 quod
692 953 798 1014 literas
822 953 994 1015 debiliores
1021 952 1063 1034 Ια,
1089 953 1118 1037 β,
1142 954 1169 1037 ἡΙΙ
1196 963 1260 1016 tam

79 1056 189 1118 multas
212 1055 343 1140 scripsi;
369 1056 542 1136 pleraeque
565 1056 651 1118 enim
675 1074 782 1118 earum
805 1065 859 1120 aut
875 1079 905 1136 α,
926 1057 991 1134 δ,λ
1014 1065 1067 1118 aut
1090 1079 1115 1133 o,
1136 1055 1257 1135 bsunt,

79 1176 207 1237 quarum
231 1157 349 1222 formae
371 1158 563 1222 maiusculae
587 1157 734 1226 facillime
757 1158 842 1219 inter
864 1176 898 1218 se
913 1167 1086 1220 mutantur.
1102 1146 1260 1217 —llabes

76 1262 107 1320 in
128 1261 187 1328 boo
209 1259 314 1342 lapide
346 1258 474 1326 decreta
496 1260 678 1322 Eresiorum
701 1259 741 1321 de
764 1259 907 1341 tyrannis
937 1277 974 1320 ex
996 1257 1077 1320 urbe
1105 1257 1257 1340 expulsis,

77 1381 207 1441 quorum
236 1364 296 1423 alia
326 1371 399 1424 ante
428 1379 545 1424 annum
569 1363 630 1424 324
655 1381 684 1422 a.
710 1360 783 1424 Chr.
816 1360 876 1422 alia
904 1361 962 1421 boc
984 1361 1051 1438 ipso
1074 1377 1156 1422 anno
1179 1359 1259 1421 iacta

76 1483 143 1526 esse
158 1465 318 1529 luculente
334 1465 481 1546 exposuit
495 1463 666 1546 Sauppius.
691 1462 846 1526 dialectus
862 1471 910 1524 est
924 1461 1029 1530 Aeolis
1046 1460 1161 1524 Asiana
1177 1471 1260 1523 stre-

75 1586 135 1628 nue
165 1576 302 1631 servata.
334 1559 415 1628 δεύει
447 1563 499 1650 (Α,
526 1567 578 1629 bl.
604 1568 643 1643 B,
669 1565 720 1648 26)
754 1574 802 1628 est
832 1564 930 1626 forma
959 1563 1084 1628 Aeolica
1116 1583 1173 1644 pro
1197 1564 1253 1626 δεῖ.

75 1663 245 1758 δποεχέδην
268 1669 312 1748 Α,
340 1671 377 1750 40
404 1679 451 1732 est
474 1669 650 1731 infinitivus
673 1668 796 1747 aoristi,
823 1686 840 1728 a
863 1665 1053 1728 Kirchboffio
1077 1667 1256 1730 restitutus.

74 1772 156 1841 idem
190 1770 401 1840 Kircbboifius
431 1771 570 1834 restituit
596 1763 739 1858 βαθύεντι
765 1767 808 1848 Α,
841 1767 892 1830 27.
922 1768 959 1847 C,
986 1769 1022 1848 2,
1053 1768 1258 1848 participium

72 1873 162 1936 verbi
192 1867 329 1958 βαδύηρι
355 1871 568 1956 Ι--βοαδοέωΙ
602 1892 642 1933 ex
664 1872 806 1952 analogia
836 1869 1007 1933 verborum
1038 1871 1070 1928 in
1092 1892 1150 1952 -ρι
1171 1869 1258 1931 desi-

71 1976 213 2038 nentium
237 1975 415 2037 formatum.
450 1974 490 2036 cl.
515 1973 719 2038 adliciat.

462 2283 493 2326 e.
531 2269 686 2324 Incertae
710 2267 859 2334 originis.

71 2398 136 2466 124
159 2404 207 2464 Ex
228 2399 405 2478 Lesbiacis,
430 2419 517 2463 nunc
538 2399 705 2480 Mitylenae
728 2401 761 2459 in
785 2361 977 2460 bibliotheca
999 2399 1134 2460 scholae.

170 2583 205 2652 Ὁ
228 2589 323 2670 δᾶμος
340 2590 343 2668 Ι
360 2583 409 2652 τὸν
432 2582 532 2652 ἑαύτω
555 2583 678 2672 σιύτηρα
700 2581 752 2650 καὶ
773 2583 892 2650 κτίσται
911 2591 914 2664 Ι
931 2582 1038 2648 Γναῖον
1056 2581 1213 2670 Πομπήϊον

175 2688 274 2757 Γναίιν
296 2688 360 2754 οἷον
384 2687 490 2775 Μέγαν
508 2696 512 2768 Ι
529 2687 591 2774 τρὶς
622 2683 847 2773 αὐτοκράτορα,
885 2681 1095 2754 καταλύσαντα
1124 2685 1209 2773 colel

137 2805 152 2854 5
175 2789 380 2878 κατύσχοντας
402 2789 455 2856 τὰν
479 2792 641 2876 οἰκημέναν
654 2790 797 2874 πολέμοις
814 2796 818 2868 Ι
835 2788 887 2854 καὶ
905 2784 1052 2875 νατοὶγᾶν
1068 2786 1212 2856 καὶκατὰ

173 2890 341 2960 θάλασσαν.
362 2896 366 2974 Ι

272 2991 430 3082 Δωρόθεος
445 2991 656 3082 Ἡγησάνδρου
675 2993 680 3080 Ι
695 2990 848 3066 Ὀλύνθιος
871 2994 1005 3078 ἐποίησε.

61 3186 124 3248 Ed.
150 3185 197 3268 6.]
218 3184 390 3264 Aarsrrnus,
417 3181 484 3248 Νέα
507 3179 659 3268 Πανδώρα
689 3185 777 3270 φολλ.
804 3186 881 3261 299,
908 3181 1085 3246 secundum
1117 3202 1189 3244 eum
1212 3184 1249 3243 K.

61 3289 151 3369 Keil,
181 3287 318 3368 ‘Pbt'lol.,
350 3289 479 3350 zwcitcr
503 3286 791 3368 Supplcmcatboad'
833 3284 935 3366 (tata)
975 3303 1007 3364 p.
1031 3283 1105 3346 576.
1142 3285 1253 3346 titulus

59 3393 202 3472 scriptus
225 3401 274 3453 est
295 3409 378 3452 anno
402 3391 441 3454 62
458 3409 486 3452 a.
506 3390 582 3453 Chr.
608 3400 640 3452 et
663 3389 844 3469 exemplum
866 3385 1000 3470 praebet
1023 3389 1159 3464 postumi
1185 3396 1254 3448 stu-

60 3495 107 3556 dii
132 3493 342 3575 antiquitatis.
671 3473 674 3480 ’

59 3761 130 3828 125
153 3765 202 3825 Ex
224 3761 400 3841 Lesbiacis,
425 3781 512 3823 nuno
533 3763 700 3843 Mitylenae
723 3763 756 3821 in
779 3760 970 3822 bibliotheca
993 3760 1128 3821 scholae.

171 3948 245 4021 Θέος
266 3945 346 4034 τύχα
370 3939 523 4032 cauillari!
549 3939 565 4010 ‘o'
588 3971 622 4010 κε
645 3947 720 4031 δέλη
744 3943 821 4031 δύην
844 3944 893 4009 ἐπὶ
915 3949 957 4008 τῶ
974 3943 978 4024 Ι
995 3947 1048 4017 τᾶς
1065 3940 1210 4030 Ἀφροδί-

133 4065 148 4115 5
172 4077 225 4124 τας
254 4055 307 4123 τᾶς
338 4049 465 4136 ΠεύΙδως
488 4048 546 4113 ’καὶ
575 4052 617 4112 τῶ
640 4044 764 4134 lippa,
795 4042 1058 4133 δΙοΙέτωΙίρήϊον,
1090 4041 1154 4113 ‘tna
1174 4072 1209 4112 κε

170 4156 265 4241 θέλῃ,
296 4152 348 4218 καὶ
366 4151 372 4240 Ι
391 4152 476 4238 ἔρσεν
498 4151 550 4216 καλ
573 4152 651 4237 θῆλυ
674 4175 695 4215 π
713 4199 835 4215 .....
856 4148 931 4236 Ικαλ
952 4142 1060 4236 'optabo
1083 4197 1204 4213 .....

387 4257 477 4339 (quae
500 4267 695 4337 sequuntur,
721 4259 841 4317 incerta
864 4255 962 4336 sunt.)

55 4379 143 4442 Edd.
173 4378 208 4439 G.
235 4377 390 4439 Anrsrrurs
415 4386 446 4438 et
467 4377 503 4436 ll.
531 4377 600 4438 Keil
622 4376 644 4436 l.
669 4377 693 4436 l.
717 4375 758 4437 ad
783 4375 854 4437 125.
