3238 5198
356 388 387 428 ῃ
862 369 1046 419 Prooemium.

362 625 538 706 permultas
558 625 743 705 amplexura
764 635 824 703 est,
848 635 968 703 tamen,
993 626 1142 704 quoniam
1162 625 1247 685 intra
1261 643 1355 685 usum
1370 623 1557 683 vetustioris

363 745 548 806 literaturae
570 743 798 821 continebitur,
823 763 887 805 non
909 762 1027 824 paucas
1049 744 1210 822 relinquat
1231 761 1364 804 neccsse
1386 753 1446 819 cst,
1470 760 1556 820 quae

366 867 513 944 quamtis
535 865 657 926 recenti
679 873 783 925 aetate
804 865 943 943 scriptae
965 864 1093 942 linguae
1109 861 1321 924 varietatibus
1335 862 1558 942 comparandis

364 984 550 1064 gravissima
571 982 716 1045 subsidia
738 981 924 1063 praebeant.
962 984 1070 1062 itaque
1093 983 1260 1045 consilium
1283 992 1387 1043 ortum
1405 991 1453 1043 est
1469 1001 1558 1042 com-

364 1102 503 1184 ponendi
519 1103 677 1164 delectum
695 1120 805 1164 carum
825 1102 1080 1181 inscriptionum,
1106 1121 1188 1182 quae
1203 1100 1245 1162 ad
1260 1102 1470 1182 coguitionem
1486 1101 1558 1161 dia-

365 1224 520 1284 lectorum
535 1221 726 1283 Graecarum
741 1221 939 1302 aliquantum
954 1220 1101 1282 conferre
1115 1241 1208 1302 posse
1223 1220 1424 1282 viderentur.
1459 1221 1558 1281 buius

365 1340 510 1404 delectus
530 1359 640 1402 curam
660 1351 698 1402 ut
715 1360 773 1421 ego
788 1342 994 1420 susciperem,
1019 1341 1147 1421 Georgii
1163 1341 1263 1402 Curtii
1278 1340 1433 1401 benevola
1446 1351 1559 1400 aucto-

368 1463 446 1522 ritas
469 1479 519 1522 me
542 1462 721 1522 commovit.
768 1460 824 1539 qui
846 1461 993 1539 quamvis
1014 1461 1097 1522 iusta
1119 1459 1318 1521 dubitatione
1340 1461 1409 1538 ipsc
1431 1457 1560 1519 viribus

366 1581 447 1640 meis
475 1578 675 1650 diffiderem,
706 1588 812 1640 tanoen
841 1598 947 1659 neque
968 1578 1105 1640 oblatam
1128 1579 1277 1641 fiduciam
1298 1597 1404 1658 neque
1426 1597 1558 1657 operam

367 1699 558 1778 propositam
581 1697 818 1760 detrectandam
835 1718 905 1760 esse
921 1700 1112 1775 existimavi,
1136 1700 1325 1780 praesertim
1340 1717 1412 1760 cum
1428 1716 1560 1777 semper

366 1818 493 1898 proprio
522 1816 659 1897 quodam
689 1817 793 1879 studio
816 1819 1038 1899 epigrapbices
1059 1818 1197 1880 Graecae
1219 1820 1293 1880 licet
1315 1829 1436 1879 amator
1457 1818 1560 1895 magis

367 1956 462 2017 quam
485 1937 587 1999 cultor
607 1937 770 1998 vixissem.
806 1955 910 2016 neque
933 1939 1019 1998 euim
1041 1940 1183 2000 animum
1206 1956 1312 1998 meum
1327 1957 1390 1998 uon
1406 1935 1557 2016 augebat,

368 2056 454 2136 quod
475 2055 642 2137 sperabam
657 2055 793 2136 Adolphi
809 2056 992 2118 Kirchliollii
1014 2058 1175 2135 eximiam,
1200 2075 1295 2137 Qum
1311 2075 1471 2134 noveram,
1496 2055 1561 2116 be·

368 2177 553 2256 nignitatem
575 2174 717 2237 laborem
732 2194 837 2237 mcum
852 2177 983 2238 consilio
998 2176 1235 2238 sublevaturum
1251 2197 1335 2238 esse.
1375 2187 1471 2255 atque
1487 2195 1560 2236 eam

367 2313 456 2374 spem
471 2313 674 2375 nequaquam
688 2314 739 2356 me
755 2294 905 2357 fefellisse
920 2315 1018 2374 nunc,
1044 2307 1211 2376 postquam
1227 2316 1307 2378 opus
1321 2297 1560 2376 qualecumque

367 2412 546 2475 conlectum
568 2424 635 2490 est,
661 2423 750 2494 grata
773 2425 879 2476 mente
902 2416 1017 2477 refero.
1064 2436 1139 2478 uam
1162 2417 1215 2477 ille
1238 2434 1302 2477 non
1324 2417 1445 2492 solum,
1476 2415 1561 2494 quid

368 2531 408 2593 de
440 2534 662 2614 compositione
695 2536 792 2595 totius
826 2533 900 2596 libri
929 2534 1105 2597 secuudum
1135 2537 1320 2597 varietatem
1349 2534 1560 2597 dialectornm

368 2651 558 2714 Graecarum
586 2653 797 2727 instituenda,
830 2654 909 2734 quid
937 2654 979 2717 de
1007 2658 1128 2717 ratione
1158 2656 1266 2716 titulos
1295 2655 1429 2716 Graecos
1457 2656 1564 2716 literis

369 2772 557 2833 minusculis
578 2771 696 2835 edendi
719 2776 863 2850 sentiret,
889 2793 1012 2836 summa
1034 2774 1226 2836 liberalitate
1241 2793 1365 2836 mecum
1380 2778 1563 2836 commuui-

370 2891 462 2968 cavit,
488 2889 663 2953 sedetiam
687 2893 882 2972 singularum
905 2895 1147 2974 inscriptionum
1172 2895 1246 2956 hinc
1262 2894 1350 2955 illinc
1365 2895 1564 2974 conquiren-

371 3008 484 3072 darum
507 3011 781 3091 exoptatissimum
803 3013 956 3075 auxilium
978 3013 1127 3094 praebuit
1137 3014 1174 3096 ¹).
1220 3014 1334 3075 horum
1358 3014 1456 3093 igitur
1471 3012 1564 3074 viro-

369 3147 439 3192 rum
468 3129 669 3192 sermonibus
697 3131 827 3193 adiutus
849 3151 928 3212 quas
954 3132 1082 3194 tandem
1104 3134 1192 3214 leges
1214 3135 1283 3214 ipse
1306 3134 1339 3194 iu
1362 3132 1562 3194 conficiendo

368 3267 465 3330 opere
487 3259 616 3312 secutus
638 3250 714 3328 sim,
741 3251 803 3311 iam
826 3250 970 3313 breviter
992 3271 1159 3332 exponam.

455 3420 478 3481 l.
509 3419 554 3482 Ac
575 3421 715 3500 primum
738 3421 869 3501 quidem
896 3424 954 3484 hoc
976 3441 1093 3501 quaeso
1116 3425 1266 3484 memoria
1288 3434 1408 3503 teneas,
1427 3444 1477 3485 me
1492 3443 1562 3484 uon

368 3538 553 3600 thesaurum
582 3542 722 3602 omnium
751 3542 1012 3621 inscriptionum,
1043 3543 1161 3622 quibus
1190 3543 1231 3605 ad
1258 3542 1440 3624 indaganda
1469 3543 1561 3604 varia

371 3676 489 3738 genera
511 3661 678 3740 variasque
701 3662 825 3742 species
847 3664 1003 3723 sermonis
1024 3663 1134 3724 Graeci
1158 3681 1238 3742 opus
1260 3673 1361 3742 esset,
1389 3661 1447 3724 scd
1469 3661 1563 3723 delc-

370 3788 456 3839 ctum
470 3796 580 3841 carum
596 3778 692 3842 cdere
709 3781 857 3858 voluisse,
883 3781 938 3860 qui
955 3781 1209 3854 adolescentibus
1224 3783 1445 3864 grammatices
1460 3781 1558 3842 Grae-

370 3915 424 3958 cae
454 3898 603 3960 studiosis
626 3898 818 3961 commodam
842 3908 875 3961 et
896 3899 1011 3962 modici
1032 3903 1128 3981 pretii
1151 3903 1382 3983 supellectilem
1406 3921 1441 3963 se
1462 3919 1558 3981 prae-

459 4171 481 4234 l)
502 4173 538 4222 ita
556 4185 606 4237 per
623 4171 787 4223 beneficium
801 4172 959 4224 Kirchholfii
976 4173 1077 4224 lactum
1097 4179 1147 4235 cst,
1166 4179 1198 4225 ut
1216 4175 1286 4226 tituli
1298 4175 1389 4239 magni
1401 4175 1481 4240 pretii
1494 4175 1561 4224 Les-

370 4255 468 4307 blacus
481 4259 526 4305 til
549 4259 577 4307 et
594 4258 703 4309 lonicus
717 4263 775 4319 tao,
796 4261 843 4322 qui
863 4261 890 4308 in
903 4260 967 4310 Asia
985 4261 1039 4310 iam
1058 4261 1162 4326 publici
1181 4263 1249 4312 iuris
1266 4260 1330 4312 lacti
1348 4263 1420 4320 suut,
1440 4261 1558 4326 primum

370 4341 423 4392 hoc
441 4340 533 4392 libello
551 4342 625 4407 apud
644 4346 777 4394 nostrates
795 4344 951 4395 ederentur.
