3172 5198
296 258 354 318 104
699 259 718 307 1.
745 258 938 322 inscriptiones
950 259 1072 309 Doricae.
1404 257 1491 320 [8⁴—

294 465 393 526 Hnius
415 464 498 526 tituli
522 463 652 525 dimidia
677 465 742 528 lere
766 485 857 544 pars,
890 485 971 546 quae
995 467 1101 544 periit,
1128 466 1251 526 restitui
1274 485 1339 525 non
1364 473 1489 544 potest.

293 569 510 649 supplementa
555 569 669 648 partim
707 569 854 628 Boeckhii
900 570 1013 648 parlim
1049 565 1198 628 Ahrensii
1246 567 1354 648 (‘dial.
1401 569 1492 627 Dor.'
1571 589 1572 602 ι

292 689 322 750 p.
351 668 523 750 l8lsqq.),
556 679 592 731 ul
622 669 744 750 singula
778 670 958 750 placebant,
993 672 1136 750 apposui.
1162 672 1281 730 —Est
1311 669 1490 732 decretum
1571 699 1572 746 γ

291 771 554 853 Amphictyonum
577 774 750 850 01.t00‚l
778 772 829 855 (=
844 775 905 834 380
923 793 951 834 a.
972 772 1057 854 Chr.)
1085 773 1214 853 Delphis
1238 773 1367 850 lactum,
1400 774 1491 854 quod
1571 783 1572 816 ³

291 875 424 938 Athenis
454 876 552 955 lapidi
583 878 717 938 incisum
742 887 772 937 et
795 876 922 956 puhlicc
944 877 1139 957 propositum
1163 896 1232 938 esse
1255 898 1294 938 ex
1318 880 1492 957 praescri·
1571 905 1572 950 ι

291 982 398 1060 pticne
414 980 496 1040 tituli
516 991 657 1060 apparet.
698 977 793 1042 Attici
811 981 909 1060 igilur
925 978 1078 1059 lapicidae
1095 979 1314 1040 consuetudini
1331 980 1491 1042 tribuen-

291 1082 367 1145 dum
390 1092 448 1162 est,
474 1082 559 1163 quod
582 1091 614 1143 et
638 1083 668 1143 in
692 1084 940 1163 'praescriptione
967 1079 1093 1163 (Πυθέο,
1114 1077 1346 1164 Ἱπποθοντίδος)
1377 1093 1414 1144 et
1439 1083 1492 1142 bis

292 1186 324 1246 in
352 1187 431 1266 ipsis
461 1185 580 1247 decreti
610 1185 719 1247 verbis
746 1185 788 1267 (κδ
812 1183 910 1248 Πυθίο
927 1186 985 1264 35,
1017 1180 1089 1249 αυτδ
1107 1185 1157 1267 lt)
1190 1210 1215 1246 o
1245 1197 1275 1247 et
1303 1209 1341 1247 ου
1373 1188 1490 1266 perO

291 1290 426 1368 scriptae
450 1297 534 1366 sunt,
560 1290 650 1350 cuius
672 1288 854 1350 vetustioris
871 1290 1001 1350 rationis
1015 1290 1147 1368 vestigia
1165 1289 1249 1369 apud
1263 1287 1491 1350 Athenienses

292 1393 384 1453 etiam
416 1400 485 1472 post
508 1391 649 1453 Euclidis
678 1411 796 1453 annum
826 1411 887 1452 non
918 1411 1016 1472 pauca
1040 1401 1162 1453 servata
1185 1412 1253 1453 esse
1276 1403 1420 1454 constat.
1446 1430 1490 1438 -

290 1496 448 1557 Dialectus
477 1514 669 1575 quamquam
699 1515 761 1556 non
791 1497 920 1576 proprie
942 1497 1091 1576 Delphica
1115 1507 1162 1557 est
1189 1495 1238 1577 (ol.
1262 1497 1393 1557 Boeckh
1422 1497 1443 1556 l.
1466 1497 1486 1556 l.

291 1620 323 1679 p.
344 1598 414 1680 808)
442 1607 547 1659 tamen
564 1599 674 1660 Dorica
698 1599 967 1679 septentrionalis.
1014 1618 1071 1678 pro
1095 1599 1137 1669 εἰς
1160 1598 1276 1660 dicitur
1295 1600 1328 1661 ἐν
1355 1599 1428 1661 his:
1458 1601 1489 1662 ἐν

291 1695 410 1764 δυ’νασιν
426 1722 457 1762 v.
476 1701 506 1780 5,
533 1699 596 1764 ἔντε
618 1723 650 1762 v.
671 1704 720 1762 to.
748 1701 921 1786 ἐκεχηρίαν,
948 1702 1034 1781 quod
1056 1702 1106 1763 his
1134 1701 1195 1780 [vv.
1215 1705 1264 1762 48.
1285 1703 1337 1783 to)
1367 1713 1487 1778 exstat,

291 1825 484 1886 quamquam
513 1807 683 1866 severioris
705 1806 831 1868 Doridis
861 1807 1073 1866 testimonium
1098 1825 1168 1866 csse
1191 1807 1279 1885 volgo
1302 1805 1485 1884 iudicatur,

289 1918 394 1970 tamen
417 1928 479 1969 non
502 1907 612 1969 dubito
635 1909 712 1988 quin
736 1910 892 1970 immerito
915 1908 955 1970 ab
979 1908 1154 1969 editoribus
1171 1911 1202 1968 in
1219 1907 1393 1992 ἐκεχειρίαν
1414 1929 1489 1970 mu-

290 2021 389 2073 tatum
412 2013 464 2072 sit.
482 2047 525 2056 -
541 2031 570 2071 v.
593 2012 630 2074 lh
655 2005 827 2091 εὖδικέοντι,
855 2010 938 2092 quod
962 2010 1112 2072 traditum
1137 2021 1195 2090 est,
1221 2032 1283 2073 non
1303 2013 1436 2072 correxi
1457 2012 1487 2072 in

289 2109 477 2199 εὖορκέοντι,
505 2117 577 2196 quia
602 2103 635 2178 εὖ
660 2098 792 2185 δικάζειν
813 2116 990 2178 sententiae
1013 2116 1108 2177 huius
1130 2116 1200 2193 loci,
1226 2115 1353 2196 quode
1378 2115 1488 2177 oflicio

290 2219 404 2281 iudicis
433 2221 552 2299 agitur,
586 2219 702 2299 optime
734 2221 892 2280 convenit.
940 2239 969 2279 v.
997 2221 1036 2279 ul
1066 2212 1162 2301 κηάαν
1190 2219 1386 2280 checkhio
1413 2239 1487 2294 vnon

290 2323 370 2383 male
393 2322 567 2402 explicatur
589 2342 648 2402 per
674 2321 908 2407 ικαθαρικρρίαν,
934 2315 1018 2406 παρά
1039 2315 1091 2405 τὴν
1114 2316 1250 2398 καῦσιν’;
1276 2323 1372 2382 allert
1393 2325 1486 2383 enim

290 2426 437 2506 Hesychii
460 2426 590 2505 glossas:
617 2423 701 2487 κεῖα·
726 2419 909 2510 καθάρματα
931 2434 963 2487 et
984 2419 1076 2510 κη’ϊα·
1101 2419 1292 2510 καθάρματα.

290 2768 334 2834 82
357 2771 486 2851 Delphis
509 2770 540 2832 in
564 2790 654 2832 muro
677 2771 853 2852 polygonio.

839 3043 919 3106 Θεοί.
941 3051 945 3123 Ι

396 3233 632 3319 Στραταγέοντος
651 3229 845 3319 Ἀρκίσοινος·
880 3231 963 3303 ἔδοξε
985 3233 1045 3304 τοῖς
1069 3233 1235 3318 συνέδροις·
1257 3229 1440 3310 λ’λθανίιυνι

398 3333 559 3423 [λάτρωνος
575 3336 686 3423 Δελφῷ
708 3334 760 3401 τάν
785 3332 952 3423 ἀσφάλειαν
975 3335 1056 3420 εἶμεν
1074 3339 1077 3420 l
1094 3336 1145 3400 καὶ
1161 3332 1298 3400 ἀτέλειαν
1313 3331 1438 3401 πάντων

358 3440 447 3504 5καλ
476 3438 601 3506 ἀσυλίαν
631 3440 681 3505 καὶ
713 3437 793 3526 αὐτῷ
823 3441 874 3504 καὶ
904 3441 964 3512 τοῖς
995 3437 1104 3522 αὐτοῦ,
1125 3441 1351 3526 λέπιμελομένιμ
1381 3446 1438 3514 τᾶς

395 3545 560 3616 πανοπλίας
587 3537 622 3608 ἀν
645 3546 674 3608 οἰ
693 3541 896 3630 Ἀμφικτίονες
920 3540 1098 3620 ἀναΙτίθεντι
1120 3543 1171 3607 καὶ
1193 3549 1245 3607 τοῦ
1267 3544 1437 3628 γυμνασίου

395 3647 445 3710 καὶ
474 3652 525 3719 τᾶς
554 3643 706 3719 παστάδος
734 3653 786 3719 τάς
818 3643 956 3734 μεγάλλας
985 3646 1036 3710 καί
1064 3652 1122 3711 τῶν
1154 3647 1356 3733 ἐργαστηρίων
1380 3649 1435 3712 καὶ

394 3755 446 3815 τοῦ
461 3749 616 3815 ναοποιίου
633 3753 838 3837 ἐπιμελομένῳ
851 3773 857 3786 ·
872 3751 875 3838 Ι
890 3749 971 3835 εἶμεν
988 3747 1070 3837 αὐτῷ
1085 3747 1137 3814 τάν
1154 3746 1333 3836 ἀσφάλειαν,
1348 3753 1432 3815 καθ-

394 3851 434 3926 ώς
463 3879 502 3918 κα
532 3856 560 3918 οἱ
590 3849 725 3941 σύνεδροι
755 3854 805 3918 καὶ
828 3851 844 3918 δ
868 3851 1061 3941 ἀρχιξτέκτων
1092 3849 1297 3936 συντάσσοιεν,
1330 3854 1382 3918 καὶ
1404 3854 1439 3919 εἴ

342 3969 372 4019 10
395 3953 435 4022 κά
463 3983 506 4030 τις
536 3955 623 4024 αὐτὸν
653 3955 759 4044 ἀδικῇ,
795 3954 862 4030 τοὺς
893 3954 1166 4043 ἀντιλτυγχάνοντας
1198 3959 1355 4044 συνέδρους
1379 3956 1434 4023 τάν

395 4063 566 4146 ἐπιμέλειαν
590 4059 664 4147 ὑπὲρ
687 4057 775 4126 αάτδν
793 4064 797 4136 Ι
813 4063 977 4126 ποιεῖσθαι.

287 4285 464 4348 Ediderunt
480 4289 627 4348 Wsscnsn
652 4295 682 4347 ct
705 4289 849 4364 Foucanr,
876 4307 908 4348 n.
932 4289 959 4344 l.
985 4321 1022 4331 —
1047 4288 1101 4347 Est
1124 4287 1305 4366 exemplum
1328 4285 1479 4350 decreto-

286 4408 355 4453 rum
378 4388 659 4472 Amphictyonum,
686 4389 770 4471 quod
792 4390 920 4453 videtur
943 4410 995 4468 eo,
1022 4389 1106 4470 quod
1129 4389 1285 4470 sequitur,
1311 4390 1477 4470 aliquanto
