3238 5198
472 1621 900 1715 PROOEMIUM.

629 1847 747 1862 1WVWVV

202 1995 415 2122 Cognitionis
439 2041 644 2104 dialectorum
674 2042 810 2104 Graecae
834 2043 961 2122 linguae
985 2042 1128 2104 subsidia
1158 2044 1285 2122 epigra-

95 2167 190 2246 phica
219 2182 278 2244 per
306 2181 340 2223 se
368 2181 482 2242 parum
512 2163 616 2242 ampla
647 2172 677 2224 et
712 2164 842 2223 immitis
871 2161 1015 2224 fortunae
1045 2163 1118 2224 lusu
1141 2163 1285 2223 mutilata

96 2287 291 2366 quicumque
314 2284 371 2343 hac
393 2281 561 2361 disciplina
585 2282 728 2344 eruditus
751 2291 857 2343 mente
880 2281 1091 2362 computabit,
1118 2283 1145 2342 is
1167 2300 1283 2360 negare

96 2424 159 2466 non
189 2404 306 2484 poterit
329 2403 509 2481 angustias,
543 2400 661 2480 quibus
684 2403 904 2481 grammatices
928 2401 1064 2463 Graecae
1088 2401 1222 2463 studiosi
1246 2419 1285 2461 ex

92 2509 156 2585 'hoc
178 2523 264 2583 fonte
287 2522 472 2586 haurientes
496 2521 733 2600 impediuntur,
765 2522 875 2601 augeri
899 2522 1032 2601 insuper
1056 2540 1109 2600 eo,
1136 2519 1222 2600 quod
1244 2539 1284 2580 ne

96 2663 199 2724 pauca
222 2642 274 2702 illa
298 2641 440 2720 quidem,
467 2659 549 2719 quae
571 2649 750 2720 temporum
774 2642 975 2720 iniquitatem
991 2641 1182 2720 effugerunt,
1201 2660 1286 2701 com-

97 2763 189 2825 modo
213 2770 243 2822 et
266 2761 354 2822 tenui
378 2769 532 2840 apparatu
555 2760 783 2840 comprehensa
806 2762 1021 2841 reperiuntur.
1068 2779 1178 2821 omnes
1201 2761 1285 2821 enim

97 2884 194 2960 tituli,
222 2899 302 2960 quos
324 2889 395 2960 post
417 2879 596 2941 confectum
613 2879 733 2959 Corpus
756 2882 1000 2960 inscriptionum
1016 2880 1208 2941 Graecarum
1224 2881 1286 2940 viri

98 3002 183 3064 docti
208 3011 238 3062 et
261 2999 380 3061 indocti
396 3007 625 3079 reppererunt,
650 3009 704 3060 aut
726 3019 859 3079 prorsus
882 2999 1019 3080 dispersi
1043 3001 1146 3061 iacent
1169 3009 1233 3078 aut,
1260 3002 1285 3060 si

98 3124 154 3202 qui
178 3122 340 3182 meliorem
365 3119 522 3180 fortunam
547 3120 630 3179 nacti
646 3128 731 3197 sunt,
757 3121 864 3199 parvis
880 3119 1007 3200 syllogis
1024 3121 1182 3181 coniuncti
1198 3128 1283 3198 sunt,

98 3261 181 3321 quae
204 3240 401 3319 singularum
424 3247 479 3299 aut
502 3239 666 3300 civitatum
689 3247 743 3299 aut
766 3257 916 3318 pagorum
941 3247 995 3301 aut
1018 3239 1195 3300 insularum
1214 3239 1288 3299 fini-

96 3361 159 3422 bus
182 3357 497 3421 circumscribuntur.
546 3368 577 3418 et
601 3376 792 3440 quamquam
816 3360 985 3438 ampliores
1008 3358 1208 3419 collectiones
1224 3378 1286 3419 non

96 3480 269 3543 defuerunt
293 3479 348 3557 qui
372 3475 584 3539 instituendas
607 3486 766 3554 curarent,
792 3487 897 3538 tamen
921 3480 1099 3557 exspectari
1113 3479 1169 3538 vix
1183 3487 1286 3557 potest

98 3599 164 3660 fore
187 3607 222 3659 ut
246 3597 340 3658 alicui
364 3616 472 3658 earum
496 3596 703 3658 dialectorum
719 3596 891 3678 descriptio
911 3606 1073 3676 tamquam
1088 3616 1197 3658 norma
1214 3617 1289 3677 pro-

96 3728 244 3799 ponatur.
285 3715 460 3778 Attioarum
483 3715 614 3796 quidem
631 3718 872 3798 inscriptionum
889 3735 1015 3797 corpus,
1043 3718 1134 3778 cuius
1149 3719 1287 3797 primum

96 3839 247 3900 volumen
278 3845 351 3897 ante
380 3837 437 3897 hos
467 3846 603 3915 quatuor
625 3855 723 3897 annos
746 3836 868 3898 editum
891 3846 956 3915 est,
990 3837 1113 3916 reliqua
1134 3838 1288 3917 proximis

96 3959 191 4019 annis
214 3955 361 4032 edentur,
387 3974 518 4035 prorsus
533 3956 613 4017 alius
630 3957 757 4035 generis
774 3975 843 4018 esse
861 3977 901 4018 ex
917 3959 984 4036 ipso
999 3959 1125 4018 nomine
1141 3967 1285 4037 apparet.

94 4076 391 4155 antiquissimorum
415 4084 520 4136 autern
542 4075 703 4138 titulorum
727 4077 822 4139 totius
839 4076 988 4167 Graeciae
1012 4077 1168 4154 collectio,
1194 4096 1287 4156 quarn

95 4199 200 4276 ipsam
223 4213 350 4274 quoque
378 4193 418 4256 ab
441 4194 603 4257 academia
625 4195 790 4257 literarum
812 4198 898 4277 regia
921 4196 1085 4259 Borussica
1108 4199 1287 4260 institutum

55 4351 56 4354 =
95 4317 137 4375 iri
168 4333 241 4395 spes
271 4323 334 4392 est,
369 4315 428 4375 etsi
459 4315 680 4395 inscriptiones
708 4325 838 4396 propter
866 4316 1035 4380 dialectum
1067 4316 1289 4379 memorabiles
