3238 5198
624 353 805 402 Prooemium.
1272 373 1309 414 xv

120 607 274 667 vocalium
303 624 437 666 numero
467 605 530 666 huc
557 604 746 668 referendae
776 616 850 669 sunt
878 631 910 670 αι
941 617 972 668 et
1000 631 1029 670 οι
1058 608 1246 688 diphthongi
1277 611 1308 670 in

119 726 182 787 line
203 724 429 786 vocabulorum
452 727 691 805 pronuntiatae,
718 745 799 806 quae
823 728 856 786 in
879 727 994 788 ceteris
1017 727 1160 788 dialectis
1183 728 1310 790 Graecis

118 843 241 924 ubique
268 845 409 924 exceptis
432 844 709 906 terminationibus
732 847 861 925 optativi
885 846 1052 926 pristinam
1077 847 1139 906 vim
1164 849 1208 908 ita
1229 848 1310 908 ami-

119 974 238 1039 serunt,
265 971 311 1042 ut,
337 965 399 1025 nisi
422 965 510 1043 ipsae
533 974 697 1026 accentum
721 973 841 1045 gerant,
868 964 1012 1062 brevium
1035 965 1226 1046 syllabarum
1244 967 1309 1027 loco

120 1082 314 1158 habeantur,
346 1082 431 1162 apud
453 1084 550 1145 Dores
581 1094 686 1145 autem
716 1086 748 1145 in
778 1085 923 1164 plurimis
953 1084 1061 1146 formis
1091 1085 1173 1146 illam
1199 1103 1309 1146 serva-

121 1212 206 1264 runt.
254 1201 312 1263 sed
341 1204 417 1281 quia
447 1205 720 1283 grammaticorum
750 1205 928 1266 testimonia
959 1204 999 1266 de
1030 1206 1088 1266 bac
1110 1224 1144 1266 re
1168 1205 1252 1265 inter
1275 1223 1308 1266 se

120 1341 183 1381 non
206 1337 336 1402 prorsus
358 1324 537 1384 consentire
560 1322 722 1418 videntur,
745 1324 863 1384 auxilio
885 1322 1088 1385 adhibendus
1106 1333 1154 1384 est
1169 1343 1309 1405 papyrus

118 1438 331 1521 Alcmanis4),
366 1443 423 1520 qui
451 1452 505 1503 aut
533 1451 604 1504 ante
628 1443 787 1503 Christum
816 1453 925 1505 natum
954 1452 1093 1504 autnon
1117 1444 1214 1504 multo
1237 1443 1308 1524 post

118 1580 192 1622 eum
222 1561 323 1621 literis
354 1538 536 1623 maiu'sculis
565 1563 703 1642 scriptus
724 1571 872 1644 accentus
895 1571 926 1624 et
949 1563 1081 1642 spiritus
1103 1572 1193 1623 notas
1215 1582 1309 1624 voca-

118 1681 204 1742 bulis
234 1682 393 1760 appositas
420 1680 564 1761 praebet.
612 1683 681 1742 eius
711 1669 974 1743 consuetudinem
1004 1683 1032 1743 si
1055 1701 1126 1744 cum
1150 1683 1268 1762 regulis
1291 1701 1309 1742 a

119 1801 332 1881 grammaticis
361 1800 487 1862 traditis
518 1820 752 1881 comparamus,
789 1802 869 1862 hanc
899 1800 966 1862 fere
996 1819 1138 1862 normam
1157 1795 1308 1863 'statuere

119 1938 303 2000 possumus:
331 1920 364 1979 in
388 1919 599 1981 declinatione
623 1923 786 1982 nominum
811 1943 843 1982 αι
867 1929 897 1981 et
919 1944 948 1982 οι
971 1921 1208 1982 terminationes
1224 1940 1308 1982 sem-

118 2058 177 2118 per
206 2048 366 2118 tamquam
396 2040 506 2120 longae
535 2040 673 2121 syllabae
701 2049 866 2101 accentum
897 2050 928 2101 et
956 2041 989 2100 in
1012 2041 1206 2120 paenultima
1231 2042 1308 2101 reti-

69 2138 85 2148 *
117 2168 196 2220 nent
224 2167 270 2237 et,
304 2159 331 2218 si
362 2178 399 2220 ea
427 2160 608 2239 longeest,
641 2169 766 2221 acutum
791 2159 967 2238 postulant:
1002 2153 1142 2242 ἀγγέλοι,
1175 2153 1303 2243 γνῶμαι.

118 2279 151 2338 in
175 2277 346 2339 verborum
369 2287 474 2339 autem
498 2278 708 2340 declinatione
732 2278 862 2357 formae,
888 2296 969 2357 quae
992 2277 1077 2358 apud
1099 2276 1217 2340 Atticos
1232 2299 1306 2359 pro-

116 2407 329 2478 paroxytonae
353 2407 438 2477 sunt,
465 2400 560 2460 etiam
583 2417 600 2459 a
623 2396 759 2460 Doribus
782 2399 825 2458 ita
842 2400 1098 2478 pronuntiantur,
1125 2407 1159 2459 ut
1174 2397 1303 2482 λέγεται,

114 2512 272 2601 siccarat,
290 2535 345 2578 eae
361 2527 477 2596 autem,
503 2536 584 2597 quae
601 2519 908 2598 properispomcnae,
927 2514 1143 2601 παροξυτόνως,
1163 2527 1197 2578 ut
1211 2511 1307 2601 ποιή-

115 2661 179 2715 ται,
198 2630 311 2719 ἀμύναι
320 2635 357 2718 5).
405 2639 495 2699 cuius
511 2637 704 2698 discriminis
721 2657 758 2698 ea
774 2656 867 2699 causa
883 2656 952 2698 esse
969 2637 1107 2713 videtur,
1126 2637 1210 2717 quod
1228 2661 1261 2700 αι
1277 2639 1308 2698 in

115 2755 395 2819 terminationibus
429 2756 600 2818 verborum
627 2758 670 2817 ita
704 2766 882 2836 correptum
912 2765 977 2834 est,
1014 2766 1050 2818 ut
1078 2767 1241 2818 accentum
1274 2757 1306 2817 in

116 2877 385 2956 antepaenultima
408 2878 483 2955 poni
507 2877 655 2956 patiatur,
682 2876 765 2938 intra
788 2876 866 2938 duas
885 2885 991 2937 autem
1007 2894 1110 2937 moras
1125 2876 1236 2956 longae
1252 2895 1309 2937 vo-

115 2997 207 3077 calis,
234 3015 315 3076 quae
340 3007 374 3057 ut
396 2996 429 3056 in
451 2988 575 3078 ποιήται
596 2996 849 3056 terminationem
872 2994 1043 3073 antecedit,
1069 3005 1218 3057 accentus
1240 3015 1308 3056 mo-

118 3116 238 3178 dulatio
267 3116 360 3176 aliter
390 3114 560 3177 distributa
587 3124 635 3177 est
660 3125 755 3193 atque
786 3116 818 3175 in
849 3116 964 3177 ceteris
987 3114 1140 3176 dialectis.
1187 3107 1310 3198 ποιήται

114 3389 141 3422 εν
167 3386 202 3422 ex
225 3387 262 3421 ειν
288 3376 442 3436 correptum
468 3375 523 3431 est,
552 3372 600 3421 sed
622 3373 792 3436 aprincipio
816 3371 971 3436 complures
996 3372 1200 3421 terminationes
1224 3372 1307 3422 huius

114 3458 220 3509 formae
237 3459 394 3522 promiscue
414 3459 441 3507 in
461 3471 513 3508 usu
530 3456 648 3508 luerunt.

205 3563 228 3620 t)
251 3559 285 3611 ei.
312 3560 347 3610 de
364 3575 396 3610 eo
420 3561 507 3624 llergk
531 3562 558 3609 in
583 3560 701 3611 editione
726 3563 869 3625 poetarum
895 3560 1044 3624 lyricorum
1064 3560 1230 3610 Graecorum
1248 3556 1259 3595 ³
1277 3573 1303 3622 p.

117 3650 164 3696 82⁴
187 3661 246 3710 sqq.

204 3732 229 3792 5)
250 3733 296 3781 vix
314 3745 383 3795 opus
407 3734 446 3781 est
471 3745 515 3782 me
541 3745 758 3781 commemorare
782 3731 852 3781 hanc
875 3730 995 3794 regulam
1015 3743 1069 3780 non
1089 3731 1199 3780 disertis
1217 3729 1308 3779 verbis

115 3816 244 3866 traditam
271 3831 340 3867 esse.
379 3816 428 3867 sed
454 3831 523 3881 quae
553 3818 681 3880 leguntur
706 3816 780 3882 apud
805 3817 978 3866 scholiastam
1003 3816 1038 3866 ad
1063 3817 1176 3866 Theocr.
1202 3817 1229 3874 l,
1257 3818 1302 3864 83:

116 3906 248 3972 φορεῖται·
267 3899 382 3953 καθόλου
409 3899 441 3951 τὰ
465 3900 501 3959 εἰς
524 3887 565 3951 rm
583 3899 694 3970 λήγοντα
708 3899 825 3969 ῥήματα,
853 3897 912 3951 ὅταν
932 3899 980 3972 ἔχῃ
1004 3887 1074 3951 ab}
1097 3897 1245 3970 παραλῆγον
1263 3897 1307 3949 καὶ

115 3987 324 4054 περισπώμενον,
346 3984 527 4055 παροξύνουσιν
547 3985 571 4037 oi
590 3981 712 4054 Δωριεῖς,
733 3982 792 4036 ὅταν
811 3985 839 4036 δὲ
859 3984 1042 4055 βαρυνόμενον,
1064 3982 1159 4053 ὁμοίως
1177 3983 1242 4053 ἡμῖν
1261 3983 1306 4034 ἐα-

117 4071 251 4144 ρξροοοιν,
273 4074 352 4123 aliter
370 4073 500 4139 explicari
519 4085 573 4122 non
592 4075 714 4137 possunt.
737 4086 824 4135 neque
842 4072 920 4122 aliter
938 4071 972 4122 de
990 4072 1040 4121 hac
1054 4085 1083 4120 re
1096 4071 1228 4121 iudicavit
1240 4071 1307 4120 Mei-

117 4161 224 4216 sterus,
245 4159 338 4222 quiin
358 4159 444 4208 Curtii
464 4155 557 4210 ‘Stud’
576 4157 610 4205 tv
628 4171 655 4222 p.
677 4160 725 4207 tot
740 4171 780 4220 sq.
800 4155 920 4206 breviter
937 4156 971 4206 de
990 4160 1107 4207 accentu
1123 4157 1222 4206 Dorico
1241 4157 1304 4218 egit,

115 4255 281 4306 quamquam
305 4249 399 4308 postea
422 4245 449 4292 in
468 4242 682 4303 transcribendis
707 4242 807 4292 tabulis
826 4240 1052 4292 Heracleensibus
1070 4255 1119 4291 sno
1146 4240 1247 4291 iudicio
1266 4242 1305 4291 uti

116 4328 212 4377 noluit.
