3178 5188
108 321 188 384 -96]
642 319 754 372 Aetolia.
1227 323 1286 382 117

106 529 151 595 96
178 529 230 611 [=
245 528 340 609 3046]
367 529 465 608 Prope
489 531 589 605 Teon,
623 538 709 591 extra
739 528 846 609 oppidi
870 529 994 608 Sigazik
1023 539 1143 608 portam
1168 539 1292 590 austra-

171 635 250 708 lem,
278 641 312 694 ut
334 634 377 694 ait
400 631 606 710 ChandleruS‚
632 634 681 694 vel
705 631 745 694 ad
768 632 970 711 orientalem,
996 642 1032 693 ut
1053 633 1097 693 ait
1119 633 1291 711 HesseliuS‚

172 736 212 799 ad
237 734 366 797 fontem.
405 739 537 798 Bououu.

608 973 759 1040 Αἰτωλῶν.
781 974 786 1063 Ι

213 1131 450 1218 Στραταγέοντος
468 1125 663 1216 Ἀλεξάνδρου
681 1127 879 1195 Καλυδωνίου
897 1129 1144 1202 Παναιτωλικοῖς.
1165 1137 1168 1210 l
1186 1126 1250 1194 ἐπεὶ

214 1233 302 1320 Τήϊοι
315 1230 519 1320 Δπρεσ[βιευ]τα“ις
542 1229 769 1305 ἀποστείλαντες
787 1229 970 1321 Πυθαγόραν
990 1230 1041 1297 καί
1056 1229 1182 1298 Κλεῖτον
1198 1229 1249 1298 τάν
1360 1217 1363 1221 ¹

215 1365 247 1404 τε
276 1334 446 1403 οἰκειότατα
463 1336 466 1414 l
483 1337 534 1402 καί
562 1333 615 1402 τάν
645 1337 746 1424 φιλίαν
776 1333 954 1423 ἀνενηοῦντο
985 1334 1036 1401 καί
1063 1332 1249 1424 παρεκάλεον

176 1457 191 1504 5
214 1437 283 1515 τοθς
306 1436 480 1519 Αἰτωλούς,
510 1435 590 1514 ὅπως
620 1437 673 1506 τάν
699 1465 731 1505 τε
753 1436 839 1507 πάλιν
854 1437 864 1528 ΙΙ
879 1436 976 1506 αάτῶν
999 1437 1050 1504 καί
1072 1435 1124 1505 τάν
1146 1436 1250 1526 χῶραν

216 1540 442 1633 ἐπιχωρησωντι
466 1541 546 1633 ίεράν
572 1543 654 1630 εἰμεν
677 1541 728 1609 καί
751 1537 860 1610 ἀσυλον
883 1547 934 1609 τοῦ
959 1539 1112 1618 Διονύσου,
1136 1540 1249 1624 ίδεδά-

213 1652 290 1737 χθαι
311 1649 372 1722 τοῖς
387 1647 532 1722 Αἰτωλοῖς
554 1645 619 1714 ποτὶ
640 1643 708 1721 τοδς
724 1645 836 1734 Τηίους
857 1643 910 1714 τάν
934 1647 1035 1734 φιλίαν
1058 1645 1109 1711 καί
1132 1643 1248 1712 οἰκειό*

214 1777 288 1818 τατα
316 1749 369 1817 τάν
400 1748 592 1839 ὑπάρχουσαν
611 1758 614 1831 l
633 1747 847 1838 διαφυλάσσειν
877 1748 927 1815 καί
955 1747 993 1815 τά
1015 1749 1192 1838 ψαφίσματα
1213 1747 1251 1816 τὰ

215 1852 355 1943 πρότερον
391 1851 533 1941 γεγονότα
568 1851 667 1928 αὐτοῖς
694 1852 760 1941 περὶ
786 1851 903 1919 πάντων
934 1857 992 1918 τῶν
1023 1849 1249 1941 φιλανίθρῶτων

216 1956 371 2044 κατάμονα
393 1958 493 2044 εἶμεν·
521 1955 664 2046 ὑπάρχειν
688 1958 721 2024 δὲ
744 1955 844 2031 αιἰτοῖς
866 1954 949 2046 παρὰ
970 1963 1025 2022 τῶν
1041 1957 1184 2023 Αἰτωλῶν
1199 1963 1251 2031 τᾶς

215 2089 246 2128 τε
267 2060 371 2136 πόλιος
393 2061 444 2127 καί
466 2067 519 2136 τᾶς
536 2071 539 2148 l
556 2059 660 2150 χώρας
679 2059 731 2129 τάν
749 2059 905 2148 ἀνιέρωσιν
921 2060 972 2127 καί
989 2058 1126 2140 ἀσυλίαν,
1151 2057 1251 2134 καθῶς
1317 2085 1320 2094 ’

162 2181 193 2230 10
215 2165 265 2232 καί
295 2169 322 2232 οἱ
344 2164 524 2254 πρεσβευταί
547 2163 663 2244 ἀξίουν,
693 2164 745 2231 καί
769 2167 887 2252 μηθένα
909 2164 1050 2230 Αἰτωλῶν
1074 2164 1151 2252 μηδὲ
1164 2163 1174 2252 ll
1188 2169 1247 2230 τῶν

216 2275 247 2337 ἐν
270 2270 405 2356 Αἰτωλία
434 2266 646 2336 κατοικεόντων
676 2262 759 2355 ἀγειν
786 2264 854 2342 τοὺς
876 2267 987 2354 Τηίους
1018 2267 1094 2354 μηδὲ
1122 2264 1190 2342 τους
1219 2273 1249 2335 ἐν

217 2375 285 2463 Τέῳ
307 2375 515 2446 κατοικέοντας
539 2370 714 2459 μηδαμόθεν
733 2371 737 2460 Ι
756 2369 959 2460 ὁρμωμένους,
984 2368 1062 2438 ἀλλά
1077 2369 1129 2438 τάν
1146 2368 1251 2460 ἀσφά-

216 2482 299 2544 λειαν
321 2475 372 2542 καί
396 2473 521 2542 ἀσυλίαν
544 2474 626 2561 εἶμεν
650 2473 750 2549 αὐτοῖς
771 2473 808 2540 τά
832 2472 885 2540 ἀπ’
905 2474 1047 2540 Αἰτωλῶν
1069 2472 1120 2539 καί
1142 2480 1198 2540 τῶν
1220 2478 1251 2541 ἐν

216 2581 359 2668 ΑίΙτωλίογ
389 2574 615 2646 κατοικεάντων.
662 2580 689 2644 εἰ
719 2581 752 2644 δέ
781 2578 824 2652 τίς
853 2604 892 2643 κα
916 2572 975 2666 ἀγη
999 2573 1018 2664 ἢ
1043 2574 1149 2652 αὐτοὺς
1171 2571 1190 2665 ἢ
1214 2577 1252 2645 τά

216 2687 250 2750 ἐκ
279 2691 331 2757 τᾶς
359 2680 462 2756 πόλιος
484 2678 503 2769 ἢ
527 2678 649 2770 χώρας,
680 2679 718 2747 τὰ
747 2681 800 2768 μὲν
823 2684 950 2768 έμΙφανΐη
974 2676 1176 2768 ἀναπράσσειν
1199 2678 1249 2747 τὸν

216 2783 395 2876 βουλόμενον
417 2785 469 2851 καί
490 2783 558 2858 τοδς
581 2787 739 2872 συνέδρους
762 2782 811 2850 ἀεί
832 2779 901 2859 τοάς
923 2781 1087 2873 ἐνάρχους,
1112 2791 1167 2849 τῶν
1191 2784 1245 2866 δὲί

215 2888 355 2979 ἀφανέων
379 2887 536 2963 δποδίκους
569 2889 650 2975 εἰμεν
680 2885 748 2962 τοὺς
770 2885 974 2976 ἀίδι]κηκάτας,
1004 2891 1161 2974 γινομένας
1189 2891 1249 2964 τοῖς

166 3010 196 3059 15
219 2993 323 3082 Τηίοις
351 3000 403 3067 τδις
431 2989 600 3080 ἐγδικάσιος
614 2993 624 3082 ΙΙ
638 2994 689 3058 καί
718 2997 771 3066 τᾶς
802 2995 907 3066 λοιτᾶς
930 2992 1117 3078 οἰκονομίας,
1150 2990 1250 3067 καθῶς

217 3099 269 3164 καί
297 3100 359 3171 τοῖς
382 3098 589 3170 Διονυσιακοῖς
619 3097 763 3183 τεχνίταις
786 3093 802 3162 δ
826 3092 915 3181 νόμος
937 3101 992 3160 τῶν
1011 3101 1015 3177 l
1033 3095 1173 3161 Αἰτωλῶν
1196 3122 1252 3162 κε-

220 3199 312 3268 λεύει.
358 3195 438 3274 ὅπως
455 3200 487 3266 δέ
510 3197 561 3265 καί
590 3202 633 3280 είς
656 3197 723 3272 τοὺς
746 3195 853 3285 νόμους
876 3200 1092 3287 καταχωρισθη
1116 3195 1151 3284 (δι)
1172 3201 1255 3264 καθ-

221 3307 337 3393 ιέρωσις
373 3304 425 3369 καί
461 3300 481 3368 ἀ
509 3299 635 3386 ἀσυλία,
657 3301 660 3385 ί
683 3298 751 3376 τοὺς
780 3303 1020 3376 κατασταθέντας
1049 3299 1256 3390 νομογράφους

218 3408 433 3496 καταχωρίξαι,
449 3409 515 3475 ἐπεί
525 3432 565 3471 κα
581 3409 612 3472 αί
625 3408 828 3494 νομογραφίαι
838 3407 979 3492 γίνωνται
991 3411 994 3484 l
1008 3408 1039 3471 έν
1050 3400 1118 3480 τοθς
1129 3401 1249 3492 νόμους.

111 3620 248 3700 Repetiit
260 3619 436 3681 accuratius
447 3618 641 3698 descriptum
653 3620 694 3679 Le
702 3619 772 3695 Bas,
791 3616 873 3697 ‘ch.
890 3615 988 3678 aret!
1005 3616 1078 3695 lll,l
1101 3613 1153 3698 (=
1168 3615 1296 3678 ‘locor'

112 3721 145 3803 V)
167 3743 200 3784 n.
218 3723 270 3783 85.
292 3723 403 3784 -Hic
424 3722 504 3803 lapis
526 3723 665 3783 continet
686 3740 786 3783 unum
810 3740 849 3782 ex
869 3719 1017 3799 decretis,
1043 3719 1160 3800 quibus
1175 3720 1297 3802 asylum

112 3827 250 3908 Dionysi,
277 3825 362 3906 quod
378 3827 431 3886 Tei
456 3834 533 3902 erat,
554 3824 595 3886 ab
618 3825 734 3886 exteris
757 3822 939 3884 civitatibus
962 3824 1173 3884 confirmatur.
1215 3841 1296 3902 quae

113 3929 240 3991 decreta
263 3931 415 4009 pleraque
439 3929 520 3990 circa
543 3929 592 3988 01.
613 3929 721 4003 titt
752 3925 802 4006 (=
820 3927 878 3986 ⁴93
896 3945 924 3988 a.
945 3926 1031 4009 Chr.)
1058 3927 1138 3988 lacta
1161 3945 1231 3988 esse
1247 3926 1298 3986 in-

112 4019 282 4112 tellegitur
297 4052 336 4093 ex
359 4030 486 4093 decreto
503 4033 712 4092 Romanorum
733 4029 776 4111 (G.
796 4029 817 4089 i.
836 4029 889 4091 Gr.
908 4029 1019 4110 3045),
1045 4031 1077 4090 iu
1101 4048 1163 4110 quo
1179 4031 1218 4090 M.
1236 4030 1299 4090 Va-

114 4136 213 4197 lerius
228 4137 367 4197 Messalla
388 4144 516 4216 praetor
538 4134 729 4215 peregrinus
753 4132 846 4195 huius
860 4133 935 4194 anni
952 4142 1223 4195 commemoratur.
1255 4131 1296 4194 ol.

115 4239 347 4300 adnotationem
370 4237 411 4300 ad
433 4240 495 4299 titt.
516 4237 652 4298 49-65.
