3178 5188
326 338 385 400 116
717 335 737 390 l.
764 335 958 406 {ascriptiones
977 335 1099 404 Doricae.
1421 331 1486 401 [tl-

322 539 415 609 λάσαι
440 544 493 625 (Α,
514 548 543 624 6)
563 555 648 608 certo
671 556 855 626 argumento
878 556 925 608 est
948 547 1132 628 scriptorem
1150 556 1276 627 praeter
1298 546 1389 608 συλε-
1412 546 1491 605 ctiam

322 651 420 712 συλα-
443 651 574 731 stirpem
598 650 629 710 in
654 659 759 712 mente
782 649 942 712 habuisse.
964 686 1006 696 —
1029 651 1141 712 literae
1165 652 1341 730 geminatae
1364 649 1489 727 exceptis

323 776 359 816 σσ
383 754 415 814 in
438 746 572 830 ,ίασστός
595 754 752 834 scriptura
775 772 837 814 non
860 754 1098 834 exprimuntur3
1133 753 1226 814 etiam
1249 752 1282 812 in
1305 751 1491 813 commissura

323 854 547 918 vocabulorum
571 875 631 918 una
655 875 830 919 consonans
845 858 944 937 posita
967 865 1015 918 est
1031 857 1079 916 in:
1108 855 1206 937 ὲίτλτᾰς
1227 853 1264 931 Α,
1293 855 1321 914 l.
1341 856 1372 916 2.
1393 851 1492 935 litidu-

325 952 451 1040 λάίσλσας
473 956 510 1038 Α,
530 964 560 1038 3,
586 957 753 1042 dlltllttpe'voc
775 957 811 1039 A,
832 960 862 1038 l,
888 951 1009 1040 καίτλτοίς
1032 961 1065 1038 Β,
1086 960 1116 1038 6,
1141 957 1199 1040 τίς)
1220 958 1302 1042 culleis
1323 954 1360 1036 A,
1379 958 1409 1035 2,
1435 950 1494 1017 dll-

326 1061 399 1144 κωίς)
422 1062 504 1147 συλῷ
524 1060 562 1141 Α,
582 1064 612 1123 l.
631 1098 672 1108 -
696 1065 728 1123 in
751 1063 813 1125 line
837 1063 945 1125 lateris
968 1063 1083 1143 prioris
1099 1063 1199 1125 διτλει
1220 1085 1250 1125 οι
1271 1071 1324 1123 aut
1341 1057 1495 1122 scribendo

323 1173 377 1226 aut
399 1164 534 1245 legendo
556 1175 738 1247 corruptum
762 1184 831 1228 esse
855 1176 943 1247 putat
972 1166 1199 1241 Kirclihoifius‚
1232 1167 1305 1246 quia
1334 1161 1422 1225 credi
1443 1180 1494 1221 non

324 1270 423 1350 possit
445 1268 601 1350 digamma
631 1270 663 1330 in
686 1269 873 1350 pronomine
902 1270 1013 1332 tertiae
1041 1288 1194 1350 personae
1223 1270 1311 1349 prius
1342 1266 1495 1328 evanuisse

325 1391 420 1452 quam
437 1373 469 1432 in
487 1373 558 1434 aliis
575 1371 745 1436 vocabulis.
764 1372 871 1453 itaque
888 1373 1109 1453 corrigendum
1125 1392 1212 1434 esse:
1239 1372 1325 1434 διπλέ
1342 1367 1410 1448 fot,
1435 1370 1454 1428 i.
1470 1388 1492 1428 e.

326 1477 414 1560 διπλῆ
438 1473 495 1552 fot
516 1470 609 1558 lld'ilat)
630 1475 718 1540 ἔστω.
736 1512 773 1523 -
797 1475 941 1538 Aetatem
964 1477 1059 1539 huius
1082 1477 1295 1557 inscriptionis
1318 1476 1411 1536 initio
1432 1472 1495 1533 belli

326 1581 581 1661 Peloponnesiaci
619 1581 673 1641 vix
709 1581 904 1660 superiorem
940 1579 1180 1642 existimandam
1215 1599 1283 1641 esse
1317 1579 1497 1641 demonstrat

326 1685 499 1760 Kirchholi',
523 1683 660 1746 ‘Grieclt
679 1681 801 1764 Atpt.’²
822 1701 854 1762 p.
881 1685 933 1744 93.

332 1863 1496 1874 *Ἥ*-

816 2097 848 2164 5.
862 2039 1025 2164 Aetolia.

326 2269 371 2336 95
398 2270 451 2353 [=
468 2271 561 2353 2350)
588 2271 681 2352 Lapis
703 2280 851 2352 repertus
867 2271 1038 2334 Carthaeae
1058 2272 1090 2331 in
1107 2270 1223 2352 oppido
1241 2270 1293 2332 Cei
1311 2271 1434 2332 insulae
1449 2286 1498 2330 una
1558 2331 1559 2344 γ

392 2394 463 2437 cum
486 2376 557 2436 aliis
579 2363 747 2437 similibus'.

426 2589 552 2670 Ἔδοξεν
567 2598 628 2670 τοῖς
643 2595 791 2670 Αἰτωλοῖς
812 2593 878 2663 ποτί
893 2594 960 2670 τούς
973 2595 1096 2680 [Κείίους
1110 2593 1163 2663 τὰν
1180 2596 1283 2684 φιλίαν
1299 2593 1352 2662 τὰν
1370 2592 1466 2683 ὑπάρ-

433 2725 548 2789 χουσαν
571 2696 794 2788 διαφυγλάσσειν
818 2698 868 2766 καί
892 2702 1009 2787 μηθένα
1030 2694 1126 2788 (dipem
1150 2699 1294 2767 Αἰτωλῶν
1312 2701 1390 2787 μηδὲ
1412 2707 1466 2766 τῶν

434 2806 465 2869 ἐν
489 2803 622 2891 Αἰτωλία
650 2800 871 2890 πολιτευόνΙτων
899 2800 967 2877 τοὺς
989 2802 1096 2877 Κείους
1125 2800 1304 2890 ρηθαρίθεν
1327 2799 1467 2891 ὁρμώμε-

434 2931 483 2972 νον
512 2903 586 2994 ρήτε
608 2905 685 2973 κατὰ
705 2911 761 2994 γᾶν
786 2903 860 2994 μήτε
882 2904 959 2973 κατὰ
980 2904 1144 2994 θάλατΙταν
1169 2903 1243 2993 μήτε
1264 2903 1330 2972 ποτ’
1362 2903 1467 2993 'Appi-

396 3023 411 3072 5
435 3010 585 3077 κτυονικὸν
609 3008 683 3098 μήτε
697 3007 762 3076 ποτ’
781 3003 857 3078 ἄλλο
873 3010 1011 3097 ἔγκληρα
1027 3011 1122 3097 μηθὲν
1139 3007 1180 3085 ὡς
1194 3009 1340 3077 Αἰτωλῶν
1358 3015 1362 3085 l
1380 3004 1467 3076 ὅντων

434 3117 492 3180 τῶν
516 3113 627 3180 Κείων.
674 3117 701 3180 εἰ
725 3116 758 3180 δέ
780 3115 821 3188 τίς
843 3139 883 3179 κα
906 3107 975 3200 ἄγει
995 3112 1063 3188 τους
1085 3113 1212 3193 Κείους,
1236 3111 1284 3179 τὸν
1308 3111 1468 3202 στραταγὸν

437 3214 482 3283 ἀεὶ
511 3216 559 3284 τὸν
590 3215 768 3306 ἐνοίρΙχοντα
796 3216 834 3284 τὰ
856 3220 887 3283 ἐν
911 3216 1061 3284 Αἰτωλίαν
1084 3215 1273 3306 καταγόμενα
1294 3213 1467 3301 [καταδικά-

436 3325 530 3406 ἰίοντα
552 3319 653 3409 κόριον
678 3322 760 3408 εἰμεν
783 3320 834 3387 καί
855 3318 923 3395 τούς
940 3323 943 3405 l
961 3325 1119 3409 συνέδρους
1141 3317 1397 3396 καταδικάζοντας
1412 3323 1468 3393 τοῖς
1556 3305 1557 3340 ³

435 3423 538 3498 Κείοις
566 3423 625 3508 [τὰν
653 3429 719 3510 amit
743 3422 882 3512 α’ἰγίντων
905 3421 1025 3510 αί]τυ[ὺς
1048 3427 1175 3512 (alpiam,
1195 3426 1198 3504 l
1216 3419 1255 3511 ἄγ
1278 3450 1317 3490 κα
1339 3420 1468 3512 δοκιρά-

437 3532 535 3607 ζωντι,
559 3529 678 3615 κυρίους
701 3527 793 3615 alpert.
842 3530 1079 3616 στραίταγίοντος
1100 3532 1271 3602 τοῦ-δεῖνος
1293 3526 1326 3595 τὸ
1341 3527 1467 3616 τέίΙταρ-

434 3657 496 3710 τον,
520 3628 765 3720 πρεσβευσάντων
788 3635 819 3698 ἐν
843 3631 930 3720 Κέίιρ]
954 3679 1210 3696 ........

331 3858 490 3932 Quomodo
518 3859 633 3921 lactum
663 3861 720 3936 sit,
754 3868 789 3921 ut
818 3859 982 3922 decretum
1004 3858 1185 3921 Aetolorum
1209 3857 1262 3919 Cei
1293 3857 1451 3918 ininsula
1477 3855 1500 3912 in

330 3965 446 4044 templo
468 3962 622 4044 Apollinis
644 3974 834 4044 poneretur,
870 3964 1036 4043 explicavit
1057 3963 1231 4024 Boeckhius
1253 3962 1274 4021 l.
1293 3961 1328 4040 l.,
1354 3963 1410 4041 qui
1434 3961 1500 4020 intra

329 4067 390 4128 Oll.
411 4066 577 4127 tit-tto
600 4065 650 4147 (=
667 4067 848 4128 tat-nto
872 4085 900 4127 a.
921 4066 1007 4148 Chr.)
1034 4067 1093 4127 hoc
1114 4064 1279 4127 decretum
1304 4063 1420 4127 lactum
1443 4078 1499 4123 esse

330 4171 498 4232 existimat.
524 4160 593 4254 ἄγει
620 4171 854 4232 coniunctivum
877 4189 907 4232 ν.
935 4172 952 4228 6
976 4189 1039 4230 non
1063 4170 1094 4229 in
1118 4159 1177 4253 ἄγγγ
1201 4167 1423 4248 corrigendum
1443 4181 1499 4227 esse

330 4285 400 4355 post
423 4275 536 4335 similia
561 4275 703 4354 exempla
729 4275 761 4335 in
783 4273 854 4334 aliis
877 4274 978 4335 titulis
1001 4282 1105 4334 notata
1128 4274 1183 4333 vix
1205 4291 1283 4352 opus
1308 4282 1355 4333 est
1378 4287 1500 4332 commc—
1554 4345 1555 4350 γ

332 4379 455 4438 morari.
483 4397 514 4438 ν.
540 4377 772 4439 adnotationem
796 4376 837 4438 ad
859 4376 982 4439 tabulas
1005 4377 1231 4438 Heracleenses
1253 4377 1284 4435 8.
1310 4376 1341 4434 9.
1554 4359 1555 4389 ί

335 4541 489 4552 μ...-
