3172 5198
616 297 711 346 There.
1234 301 1276 366 83

201 503 303 570 noeroit
325 495 376 563 καὶ
399 495 555 586 όγφειλέτω
579 496 661 588 αὐτῷ
684 496 822 588 δραχμὰς
836 501 1042 584 πεντακοσίας,
1060 501 1066 582 Ι
1085 501 1137 566 καί
1152 527 1235 590 προι-

197 596 268 674 κτός
295 601 373 667 ἔστω
402 598 453 666 καί
482 598 540 667 ἀπὸ
568 603 763 690 ἐνεχυρασίας
780 604 784 679 λ
802 599 879 670 κατὰ
906 601 955 690 τός
985 600 1074 689 νόμος
1103 600 1158 671 ὑπὸ
1181 612 1233 671 τοῦ

144 715 179 764 15
196 701 361 791 χρῄζοντος
383 709 441 771 τῶν
459 709 465 782 ί,
480 709 641 791 συγγενῶν.
667 701 747 782 dno<
769 706 803 771 δὲ
824 703 983 794 ἐπίσσοφός
1004 732 1036 772 τε
1055 710 1232 796 αποΙῧειχβῆ

198 805 251 872 καί
273 805 289 872 ό
313 807 442 896 αἱρεθείς
464 805 608 897 ἐγγράψει
621 807 719 879 πάντα
735 818 739 890 ί
756 806 833 876 κατὰ
855 807 904 878 τόν
920 807 1026 900 νόμον,
1052 810 1233 900 συναχθήτω

199 908 343 999 σόλλογος
359 914 363 991 Ι
380 911 427 977 ἐπὶ
458 909 573 1001 ἐφόρων
606 918 665 978 τῶν
700 912 751 979 σόν
774 909 919 1002 Ἱμέρτιμ,
956 911 1048 1000 μηνὸς
1076 913 1233 1005 Διοσίβόου

141 1025 178 1074 20
199 1012 325 1102 δεκάτᾳ,
357 1013 408 1081 καὶ
438 1013 589 1104 αἱμείλήτω
618 1016 788 1104 ἐπίσσομος.
809 1011 916 1097 Ιοῦτος
946 1017 979 1082 δὲ
1001 1020 1175 1107 ἐγγραφέτω
1196 1017 1233 1086 τοί

196 1145 230 1184 τε
253 1116 330 1183 κατὰ
351 1115 400 1184 τόν
416 1115 521 1206 Ινόμον
537 1116 652 1198 πάντα,
675 1118 881 1208 προνοειθήτω
896 1120 929 1185 δὲ
943 1121 1012 1199 καί,
1035 1117 1124 1197 όίπως
1147 1119 1232 1188 όνό-

198 1248 254 1306 μσς
287 1220 448 1309 ἀναγραφὴ
481 1219 531 1289 καί
564 1219 599 1306 (ἃ)
620 1219 753 1308 dindina
786 1221 816 1296 ἔς
835 1224 838 1303 ί
855 1249 887 1288 τε
915 1218 968 1288 τᾶν
999 1220 1140 1312 ὑπόβασιν
1173 1229 1232 1291 τῶν

196 1323 379 1411 ἀγαλμάτων
408 1329 467 1391 τῶν
484 1336 488 1413 Ι
505 1327 536 1390 ἐν
563 1329 605 1413 τῷ
636 1317 784 1412 μουσείῳ,
816 1326 867 1392 καί
897 1327 927 1400 ἐς
951 1327 1052 1392 δέλτον
1075 1329 1231 1415 ξυλογραΙ-

141 1439 177 1489 25
197 1430 308 1514 φηθεῖ,
332 1429 549 1515 κατασκευυνθῆ
573 1427 673 1494 δὲκαὶ
694 1426 923 1518 γλωσσόκοίμυν,
950 1431 981 1503 ἐς
1001 1422 1019 1494 ό
1043 1431 1231 1517 ἐμβαλοῦμες

195 1528 234 1596 τὰ
255 1537 307 1598 τοῦ
329 1536 430 1598 κοινοῦ
447 1537 451 1616 Ι
467 1530 644 1620 γράμματα,
670 1532 721 1598 καὶ
742 1528 823 1606 ὅπως
846 1535 954 1620 αἱρεθῇ
977 1530 1053 1620 ἀνὴρ
1075 1538 1231 1621 γραμίμα-

194 1634 343 1723 τοφόλαξ,
368 1627 445 1710 όςτις
472 1631 659 1726 παραλαβὼν
684 1631 734 1706 διὰ
756 1640 869 1717 λοιΙποῦ
890 1632 973 1723 παρὰ
995 1640 1047 1703 τοῖν
1069 1633 1231 1724 ἐπισσόμου

140 1751 176 1801 30
192 1735 249 1804 τόν
270 1765 303 1804 τε
326 1739 427 1805 δέλτον
444 1745 448 1816 ί
464 1738 594 1826 ἔχουσαν
616 1737 666 1805 τὸν
689 1734 778 1825 νόμον
801 1737 851 1804 καί
872 1735 925 1804 τὰν
949 1737 1098 1824 dindimo
1114 1741 1230 1819 ἐίξυλο-

192 1843 391 1930 γραφημὲναν
421 1841 472 1908 καί
499 1839 532 1908 τό
560 1839 770 1928 γλωσσόκομον
787 1847 791 1922 λ
808 1841 859 1907 καί
887 1838 924 1908 τὰ
954 1843 984 1908 ἐν
1009 1839 1091 1931 αότῷ
1121 1844 1229 1931 βυβλία

194 1948 336 2033 φυλαξεῖ,
363 1948 393 2019 ἐς
414 1938 432 2010 ό
454 1971 494 2011 κα
511 1956 515 2026 ί
533 1941 610 2018 δόξει
631 1952 675 2033 τῷ
695 1949 801 2032 κοινῷ,
831 1945 882 2011 καί
905 1946 981 2010 nicei
1002 1944 1049 2010 ἐπί
1070 1941 1118 2019 τὸς
1143 1951 1227 2029 συλξ-

139 2063 174 2112 35
200 2045 306 2136 λόγος,Ι
338 2052 366 2115 εί
388 2051 483 2115 δέκα
507 2043 596 2116 όίλλον
619 2052 724 2136 ἕληται
745 2044 779 2114 τὸ
801 2046 898 2115 κοινόν
916 2058 919 2132 ί
935 2045 1225 2137 γραμματοφόλακα,

193 2151 346 2219 ἆποδυνσεῖ
373 2157 416 2241 τῷ
446 2154 604 2241 αἱρείθέντι
634 2149 696 2242 μετ’
725 2149 812 2218 αὐτὸν
842 2155 873 2218 ἐν
904 2151 1041 2240 συλλόγῳ
1073 2150 1111 2218 δι’
1146 2148 1228 2219 ἀπο-

192 2251 297 2343 λόγου.

80 2467 339 2545 Monumentum,
374 2467 463 2528 euius
492 2465 561 2526 basi
591 2466 642 2526 hic
670 2466 780 2527 titulus
808 2484 865 2545 per
887 2474 952 2526 octo
975 2465 1136 2527 columnas
1158 2467 1268 2528 inscri-

80 2577 155 2647 ptus
179 2569 256 2648 tuit,
290 2570 409 2631 Therae
438 2570 574 2650 positum
602 2569 699 2632 fuisse
728 2569 860 2630 coniecit
889 2577 921 2629 et
942 2569 1136 2648 argumentis
1158 2569 1270 2630 confir-

81 2673 181 2734 mavit
206 2674 378 2734 Boeckhius
399 2673 459 2735 tt.
487 2683 535 2735 est
557 2681 778 2735 testamentum
801 2673 961 2752 Epictetae
985 2671 1091 2734 divitis
1114 2673 1264 2752 mulieris,

80 2794 165 2854 quae
191 2778 395 2838 inhonorem
419 2778 522 2838 mariti
545 2784 576 2836 et
597 2777 729 2838 filiorum
752 2785 940 2838 conventum
963 2776 1266 2856 consanguineorum
1325 2783 1328 2792 “

82 2873 240 2958 instituit,
273 2880 472 2940 coniunctum
504 2897 575 2939 eum
607 2878 692 2958 lege,
725 2899 819 2959 quam
847 2879 898 2939 hio
921 2887 1093 2940 conventus
1116 2879 1183 2958 ipse
1207 2877 1266 2938 sibi

81 2982 259 3042 constituit.
307 2991 393 3043 aetas
414 2981 496 3043 tituli
520 2979 585 3041 iere
608 2980 783 3042 secundum
807 2981 854 3040 vel
877 2980 1004 3044 tertium
1027 2999 1055 3040 e.
1077 2981 1151 3042 Chr.
1177 3001 1269 3043 seeu-

81 3081 146 3142 lum
171 3103 243 3144 esse
266 3085 421 3145 Boeckhio
443 3083 582 3146 videtur.
608 3083 760 3145 dialectus
783 3092 830 3144 est
845 3083 954 3143 Dorion
976 3083 1171 3163 aliquantum
1187 3095 1269 3145 tem-

81 3197 191 3263 perata
215 3207 316 3268 eoque
338 3173 634 3268 mitiorisgeneriS,
666 3185 750 3266 quod
772 3183 948 3248 Abrensius
981 3188 1153 3248 constituit.
1200 3207 1268 3248 me-

81 3291 226 3352 morandi
249 3301 323 3353 sunt
345 3291 515 3352 accusativi
542 3291 626 3370 plur.
658 3289 816 3352 secundae
846 3288 1063 3350 declinationis
1093 3291 1125 3351 in
1148 3313 1203 3361 -ος
1226 3310 1265 3351 ex

81 3415 150 3463 -ονς
180 3405 360 3474 correptum
389 3394 569 3456 desinentes
603 3393 641 3474 (e.
667 3413 696 3474 g.
722 3386 771 3463 τός
794 3393 822 3471 Ι,
851 3394 901 3452 te.
937 3389 1090 3475 ἐπιμηνίος
1124 3394 1168 3470 11,
1196 3393 1262 3474 34),

81 3514 216 3574 quorum
240 3499 378 3578 alioquin
401 3499 536 3558 maxime
560 3498 591 3558 in
615 3497 743 3558 Creticis
766 3497 866 3556 titulis
882 3496 1026 3575 exempla
1041 3497 1260 3577 reperiuntur;

81 3598 120 3660 ef.
148 3601 190 3664 de
214 3603 261 3663 eis
283 3601 421 3680 AhrenS,
452 3600 537 3662 ‘diat
562 3599 644 3662 Dor.’
666 3619 698 3680 p.
728 3600 787 3662 172
804 3618 852 3678 sq.
878 3597 976 3660 futuri
999 3600 1091 3660 activi
1115 3609 1147 3660 et
1168 3597 1265 3659 medii
1337 3685 1339 3688 Ι

80 3713 206 3766 exstant
229 3704 345 3768 formae
368 3707 477 3767 Dorico
508 3722 593 3765 more
615 3713 789 3764 contractae
817 3703 855 3785 (e.
881 3723 911 3783 g.
936 3704 1111 3788 παρεξοῦντι
1132 3703 1180 3778 IV,
1209 3703 1260 3762 32.

82 3802 232 3875 δεξοόνται
254 3811 289 3888 V,
311 3811 361 3871 43.
386 3808 507 3894 παρεξεῖ
528 3809 583 3888 vi,
605 3809 640 3883 i;
674 3815 705 3868 at
726 3807 825 3868 semel
848 3800 1034 3870 ἁποδυνσόντι
1055 3808 1105 3884 VI,
1134 3807 1199 3886 id).
1232 3806 1264 3866 in

81 3911 237 3977 infinitivo
260 3917 433 3996 proesentis
453 3914 640 3975 verborum
656 3913 688 3972 in
719 3910 784 3973 -έω
807 3910 1017 3973 desinentium
1040 3921 1072 3973 et
1100 3911 1134 3970 in
1158 3907 1265 3969 infini-

81 4008 144 4076 tivo
168 4037 231 4078 eor.
257 4037 320 4079 see.
346 4026 404 4078 aot.
442 4038 473 4078 εε
496 4016 617 4077 vocales
640 4034 702 4074 uon
726 4013 973 4091 contrahuntur,
1012 4012 1069 4088 sed
1091 4014 1187 4072 altera
1211 4030 1265 4070 en-

84 4135 151 4178 rum
176 4120 302 4182 eliditur
328 4119 367 4203 (e.
387 4140 416 4200 g.
443 4117 552 4181 διοικέν
576 4121 598 4197 Ι,
618 4118 648 4178 7.
675 4115 840 4200 συναγαγέν
863 4117 891 4198 1,
911 4114 986 4197 23),
1019 4113 1058 4174 de
1082 4113 1199 4193 quibus
1221 4113 1261 4176 ci.

82 4217 203 4284 dhrens
226 4225 247 4284 l.
266 4226 287 4285 l.
313 4245 344 4304 p.
366 4223 436 4283 tit.
463 4245 496 4284 εο
520 4223 642 4283 vocales
665 4240 727 4281 non
758 4223 790 4281 in
820 4243 876 4295 ου,
908 4220 1172 4299 mulorumque,
1206 4217 1263 4278 sed

83 4322 114 4382 in
143 4349 176 4390 ευ
196 4337 375 4390 contractae
404 4337 478 4388 sunt
508 4327 540 4386 in
569 4327 695 4386 nomine
726 4325 757 4384 in
787 4323 893 4406 -κλέης
923 4322 1088 4383 desinente
1114 4315 1264 4389 ’ίσοκλεῦς

82 4427 130 4511 tu,
158 4434 206 4493 45.
226 4433 282 4509 373
311 4433 492 4511 ceteroquin
517 4434 548 4491 in
572 4429 781 4490 declinatione
798 4429 959 4489 nominum
977 4445 1038 4487 non
1062 4424 1154 4485 aliter
1168 4434 1262 4503 atque

1020 4527 1057 4575 6*
