3178 5188
595 657 631 742 Ο.
663 657 755 740 Elis.

83 868 150 936 llo
177 872 230 951 [ε
247 869 297 952 tl]
324 869 449 930 Lamina
471 886 581 943 acrea3
609 866 770 948 Olympiae
787 867 929 927 effossam
947 867 1119 945 reportavit
1134 886 1162 928 a.
1184 868 1264 928 tata

169 973 204 1034 G.
231 973 310 1034 Gell.
351 974 484 1032 Borcuu.

189 1124 217 1188 A
246 1119 369 1210 fpoirpo
396 1123 460 1209 τυῖρ
490 1120 645 1200 falciolo:
677 1120 728 1186 καὶ
757 1122 819 1193 τοῖς
848 1118 1039 1206 Eplfoolotzz
1072 1121 1224 1208 συνμαχῖα

188 1223 220 1292 κ’
246 1227 283 1291 ἔα
305 1222 409 1291 εκατὸν
432 1224 546 1304 fiseo:
568 1217 680 1310 ἵᾶρχσι
702 1225 735 1288 δέ
757 1249 797 1288 κα
818 1222 865 1288 roi
887 1225 919 1287 αἰ
942 1223 1025 1289 δέτι
1047 1224 1126 1288 δέου
1159 1221 1223 1290 αἵτε
1335 1275 1338 1282 l

149 1346 164 1394 5
188 1330 284 1409 fluo<
307 1327 370 1394 αἵτε
394 1325 538 1414 Ηυῖμμυνε
565 1329 671 1393 συνέαν
694 1324 723 1391 κ’
752 1322 890 1399 σίλάλυιςῑ
918 1322 956 1393 τά
976 1323 1002 1393 τ’
1030 1321 1069 1393 ll
1089 1327 1141 1393 καὶ
1155 1323 1224 1415 πὰῖρ

188 1435 319 1518 πυλέμυ;
346 1431 426 1496 αἰδὲ
443 1427 484 1516 μὰ
500 1431 624 1496 συνέαν;
650 1425 793 1495 τάλαντον
809 1425 837 1494 κ’
860 1430 863 1512 l
882 1425 1010 1516 ἀργυμυε
1035 1425 1219 1496 ἀπστῖνυιανε

188 1542 235 1602 rot
256 1534 292 1600 Δὶ
308 1533 467 1600 Ολυνπῖυιε
493 1537 539 1598 rot
561 1533 786 1618 καῖδαλεμένυκ
812 1526 1038 1618 λατμειόμενυντ
1068 1535 1100 1597 αἵ
1124 1535 1157 1598 δέ
1179 1557 1224 1620 up

189 1637 226 1705 τὰ
246 1634 388 1726 γΙμάφεαι
415 1636 466 1703 ταῖ
487 1637 685 1703 nataliono:
713 1633 776 1701 αἵτε
792 1634 888 1713 ,Firuz
905 1633 969 1701 αἵτε
983 1637 1133 1717 cleliam:
1160 1634 1224 1702 αἵτε

138 1755 168 1806 10
192 1737 304 1827 δᾶμόςι
328 1737 386 1807 ἐντ’
414 1735 536 1826 ἐπιάμυι
557 1736 586 1803 κ’
614 1739 756 1825 ἐνέχλυιτυ
778 1744 826 1804 rot
843 1735 954 1804 ’νταῦτ’
982 1740 1153 1825 ἐγραμένυι.

79 1902 253 1962 Pretiosum
282 1898 341 1960 hoc
368 1897 530 1978 exemplar
551 1897 734 1958 vetustioris
757 1894 881 1957 dialecti
904 1895 1009 1956 Elicac
1032 1897 1268 1960 accuratissime

80 1979 250 2066 illustravit
271 2001 439 2062 Boreumus
461 1999 484 2059 l.
505 1999 542 2078 l.,
573 2000 628 2079 qui
652 1999 734 2060 circa
757 1997 806 2060 Ol.
825 1997 864 2057 50
895 1995 988 2079 (inter
1011 2000 1071 2058 600
1096 2008 1127 2060 et
1150 1998 1211 2059 550
1236 2019 1264 2062 a.

81 2103 169 2188 Chr.)
202 2106 262 2166 hoc
284 2103 396 2165 foedus
419 2112 547 2183 pactum
570 2120 638 2164 csse
661 2100 869 2182 probabiliter
892 2103 1035 2163 coniecit.
1081 2102 1180 2165 verba
1202 2103 1270 2167 foe-

80 2209 181 2286 deris,
207 2209 258 2270 cui
282 2207 396 2268 similia
417 2226 449 2267 v.
475 2204 560 2287 apud
584 2205 681 2267 Thuc.
698 2205 734 2285 V,
759 2203 812 2265 77.
831 2203 882 2281 79,
908 2202 1011 2266 Attice
1034 2206 1169 2285 repetita
1192 2206 1269 2268 haec
1398 2263 1403 2279 ,

82 2312 153 2374 fere
176 2320 266 2375 sunt:
286 2303 324 2372 ‘H
350 2302 444 2392 μήτρα
465 2307 526 2379 τοῖς
546 2301 676 2378 Ἠλείοις
699 2303 751 2369 καὶ
772 2301 1011 2392 τυῖςἩμαιεῦσι.
1060 2306 1218 2394 συμμαχία
1234 2302 1269 2372 ἵν

79 2410 129 2498 εἵη
152 2406 259 2477 ἑκατὸν
281 2409 353 2494 ἔτη·
379 2402 470 2496 ἄρχοι
493 2404 520 2472 δ’
549 2402 586 2474 ἂν
609 2404 695 2473 τόδε·
722 2410 749 2474 εἰ
772 2409 806 2472 δέ
827 2433 856 2473 τι
879 2408 942 2472 δέοι
964 2405 1023 2473 εἵτε
1046 2405 1115 2482 ἔτος
1138 2406 1197 2474 εἴτε
1212 2409 1269 2498 ἔμ-

78 2540 153 2602 γυν,
185 2515 299 2580 συνεῖεν
330 2507 366 2577 ἂν
390 2508 533 2598 ἀλλήλους
554 2510 592 2577 τά
615 2537 647 2577 τε
669 2503 748 2577 ἄλλα
769 2509 821 2576 καὶ
842 2507 910 2598 περὶ
930 2512 1073 2595 πολέμου.
1121 2514 1148 2577 εἰ
1172 2513 1204 2578 δὲ
1228 2510 1269 2600 μὴ

79 2619 206 2698 συνεῖεν,
230 2613 374 2682 τάλαντον
398 2610 434 2681 ἂν
457 2606 587 2702 ἀργύρου
611 2611 776 2681 ἇτυτῖνυιεν
799 2618 842 2701 τῷ
865 2613 914 2679 Διῒ
935 2619 978 2701 τῷ
996 2611 1148 2702 Ὀλυμπίῳ
1170 2641 1270 2682 κατα-

80 2721 257 2808 δηλυυμένῳ
280 2713 508 2805 λατμευὸμενυν.
556 2719 583 2784 εἵ
606 2719 639 2783 δέ
660 2743 704 2791 τις
726 2715 763 2782 τὰ
784 2713 947 2804 γράμματα
967 2711 1039 2782 τάδε
1054 2721 1266 2806 καταδηλυῖτυ,

80 2824 141 2891 εἵτε
163 2825 232 2910 ἔτης
254 2820 313 2888 εἴτε
336 2818 476 2907 τελεστὴς
498 2818 558 2886 εἴτε
581 2817 675 2908 δῆμός
698 2822 779 2900 ἐστι,
810 2824 854 2906 τῷ
876 2819 989 2908 ἐφιέμῳ
1011 2813 1048 2885 ἂν
1071 2821 1205 2909 ἐνέχυιτυ
1226 2826 1269 2909 τῷ

81 2929 216 2994 ἐνταῦθα
241 2925 451 3012 γεγραμμένῳ.

167 3033 333 3112 Scriptura
361 3029 502 3111 alioquin
531 3029 608 3090 satis
637 3029 766 3108 antiqua
789 3046 860 3089 cum
882 3028 1014 3107 spiritus
1036 3030 1142 3108 asperi
1165 3038 1270 3090 notam
1345 3048 1349 3057 ·

80 3152 240 3216 nusquam
268 3132 439 3214 praebeat,
473 3131 651 3194 Boockhius
677 3131 810 3192 fortasse
840 3127 924 3192 recte
953 3129 1105 3192 iudicavit
1133 3151 1206 3194 cum
1229 3131 1269 3196 ab

80 3240 167 3301 Eleis
195 3256 258 3299 non
287 3237 527 3317 pronuntiatum
554 3253 635 3296 esse.
683 3253 743 3295 nec
765 3232 906 3295 dubitari
928 3243 1047 3314 potest,
1081 3236 1160 3314 quin
1182 3244 1268 3296 recte

81 3341 248 3422 scripserit
268 3338 407 3422 πολέμου,
440 3331 579 3424 ἀργύρου,
611 3335 833 3422 καδαλημένῳ,
864 3355 926 3399 non
948 3334 1099 3420 πολέμου,
1124 3329 1267 3422 ἀργύρου,

81 3441 305 3527 καδαλειμένῳ.
332 3475 369 3488 -
395 3443 429 3503 ln
460 3441 593 3504 dialecto
619 3441 714 3503 huius
736 3441 821 3502 tituli
843 3440 1015 3521 praecipue
1036 3439 1171 3502 notanda
1196 3450 1271 3502 sunt

81 3547 216 3628 vestigia
239 3545 411 3626 irrepentis
434 3543 615 3606 rhotacismi
638 3553 671 3606 et
693 3542 792 3605 forma
807 3542 967 3624 participii
982 3537 1202 3626 καδαλήμενσς,
1228 3542 1268 3605 dc

81 3669 145 3731 qua
168 3650 208 3711 cl.
233 3648 396 3728 Merzdorl,
426 3646 608 3728 ‘Sprocltm
634 3644 722 3708 Abi)
745 3667 778 3727 p.
797 3647 894 3726 32sq.
962 3683 966 3692 .

86 3871 153 3938 116
176 3872 294 3934 Tabula
316 3890 409 3934 aerea
431 3871 615 3952 nuperrime
640 3869 750 3932 effossa
766 3869 940 3952 Olympiae,
965 3869 1021 3933 ubi
1045 3869 1149 3932 adhuc
1163 3887 1270 3931 asser-

170 3984 274 4037 vatur.

551 4085 639 4178 Θεόμ.
679 4086 803 4178 Topos}

193 4227 256 4294 Υτὸ
278 4226 485 4294 Ελλανυδυτᾶν
507 4231 566 4293 τῶν
589 4226 657 4314 περὶ
673 4229 677 4316 l
693 4223 864 4315 Αἰσχύλον,
895 4226 987 4292 Θυίτυ.
1008 4223 1130 4314 Ιόπιυμ,
1162 4225 1228 4292 ἐπεὶ

154 4347 170 4396 5
193 4327 394 4418 Δαμυκμσῖτημ
413 4327 573 4419 Ἀγήτυρσμ
591 4331 594 4408 l
611 4329 752 4418 Τενέδιυμ
780 4326 1003 4418 πεπυλιτευκῶμ
1024 4327 1096 4417 παρ’
1125 4330 1182 4416 αμέ
1191 4379 1202 4409 ,
1221 4336 1225 4415 l

197 4432 287 4522 αὐτόμ
324 4461 355 4502 τε
384 4433 436 4500 καὶ
466 4430 623 4522 υπατσῖμ,
662 4433 714 4499 καὶ
743 4434 1001 4521 ἐστεφανωμέΙνυμ
1029 4429 1077 4499 τόν
1107 4457 1140 4498 τε
1168 4440 1227 4500 τῶν
