<?xml version="1.0" encoding="UTF-8"?>
<!DOCTYPE html PUBLIC "-//W3C//DTD XHTML 1.0 Transitional//EN"
    "http://www.w3.org/TR/xhtml1/DTD/xhtml1-transitional.dtd">
<html xmlns="http://www.w3.org/1999/xhtml" xml:lang="en" lang="en">
 <head>
  <title>
</title>
<meta http-equiv="Content-Type" content="text/html;charset=utf-8" />
  <meta name='ocr-system' content='tesseract 3.04.00' />
  <meta name='ocr-capabilities' content='ocr_page ocr_carea ocr_par ocr_line ocrx_word'/>
</head>
<body>
  <div class='ocr_page' id='page_1' title='image "./delectusinscrip00cauegoog_0039.png"; bbox 0 0 3290 5196; ppageno 0'>
   <div class='ocr_carea' id='block_1_1' title="bbox 666 297 1449 360">
    <p class='ocr_par' dir='ltr' id='par_1_1' title="bbox 666 297 1449 360">
     <span class='ocr_line' id='line_1_1' title="bbox 666 297 1449 360; baseline 0.001 -15"><span class='ocrx_word' id='word_1_1' title='bbox 666 299 685 345; x_wconf 83' lang='lat'>1.</span> <span class='ocrx_word' id='word_1_2' title='bbox 712 297 906 360; x_wconf 76' lang='lat' dir='ltr'>inscriptiones</span> <span class='ocrx_word' id='word_1_3' title='bbox 919 297 1041 346; x_wconf 80' lang='lat' dir='ltr'><strong>Doricae.</strong></span> <span class='ocrx_word' id='word_1_4' title='bbox 1386 298 1449 359; x_wconf 82' lang='lat'>[8-</span> 
     </span>
    </p>
   </div>
   <div class='ocr_carea' id='block_1_2' title="bbox 1071 383 1451 392">
    <p class='ocr_par' dir='ltr' id='par_1_2' title="bbox 1071 383 1451 392">
     <span class='ocr_line' id='line_1_2' title="bbox 1071 383 1451 392; baseline -0.003 -1"><span class='ocrx_word' id='word_1_5' title='bbox 1071 383 1451 392; x_wconf 78' lang='lat'>-—-—-——--—-</span> 
     </span>
    </p>
   </div>
   <div class='ocr_carea' id='block_1_3' title="bbox 302 491 1495 4500">
    <p class='ocr_par' dir='ltr' id='par_1_3' title="bbox 302 491 1495 4500">
     <span class='ocr_line' id='line_1_3' title="bbox 372 491 1409 586; baseline -0.002 -21"><span class='ocrx_word' id='word_1_6' title='bbox 372 498 417 565; x_wconf 90' lang='grc' dir='ltr'>τοί</span> <span class='ocrx_word' id='word_1_7' title='bbox 438 500 666 586; x_wconf 73' lang='grc' dir='ltr'>καρπιζομένοι,</span> <span class='ocrx_word' id='word_1_8' title='bbox 693 495 731 572; x_wconf 82' lang='grc' dir='ltr'>ὡς</span> <span class='ocrx_word' id='word_1_9' title='bbox 754 491 829 584; x_wconf 78' lang='grc' dir='ltr'>ἦμεν</span> <span class='ocrx_word' id='word_1_10' title='bbox 852 495 900 563; x_wconf 85' lang='grc' dir='ltr'>τὸν</span> <span class='ocrx_word' id='word_1_11' title='bbox 924 496 987 563; x_wconf 83' lang='grc' dir='ltr'>ἴσον</span> <span class='ocrx_word' id='word_1_12' title='bbox 1012 495 1139 585; x_wconf 82' lang='grc' dir='ltr'>ἀριθμὸν</span> <span class='ocrx_word' id='word_1_13' title='bbox 1163 496 1221 564; x_wconf 85' lang='grc' dir='ltr'>ἀεί.</span> <span class='ocrx_word' id='word_1_14' title='bbox 1251 495 1309 586; x_wconf 82' lang='grc' dir='ltr'>οόχ</span> <span class='ocrx_word' id='word_1_15' title='bbox 1332 525 1409 564; x_wconf 89' lang='grc' dir='ltr'>οπο-</span> 
     </span>
     <span class='ocr_line' id='line_1_4' title="bbox 302 593 1411 689; baseline 0.001 -25"><span class='ocrx_word' id='word_1_16' title='bbox 302 615 349 665; x_wconf 79' lang='lat'>150</span> <span class='ocrx_word' id='word_1_17' title='bbox 371 599 536 689; x_wconf 76' lang='grc' dir='ltr'>γραψάνται</span> <span class='ocrx_word' id='word_1_18' title='bbox 554 601 559 688; x_wconf 74' lang='grc' dir='ltr'>ί</span> <span class='ocrx_word' id='word_1_19' title='bbox 578 603 612 667; x_wconf 83' lang='grc' dir='ltr'>δὲ</span> <span class='ocrx_word' id='word_1_20' title='bbox 633 599 691 675; x_wconf 81' lang='grc' dir='ltr'>τώς</span> <span class='ocrx_word' id='word_1_21' title='bbox 714 593 819 689; x_wconf 74' lang='grc' dir='ltr'>χοίρως</span> <span class='ocrx_word' id='word_1_22' title='bbox 842 598 951 674; x_wconf 73' lang='grc' dir='ltr'>τούτως</span> <span class='ocrx_word' id='word_1_23' title='bbox 974 604 1002 666; x_wconf 92' lang='grc' dir='ltr'>οί</span> <span class='ocrx_word' id='word_1_24' title='bbox 1027 603 1252 686; x_wconf 82' lang='grc' dir='ltr'>μισθωσαμένοι</span> <span class='ocrx_word' id='word_1_25' title='bbox 1275 599 1345 669; x_wconf 73' lang='grc' dir='ltr'>οὐδὲ</span> <span class='ocrx_word' id='word_1_26' title='bbox 1367 604 1411 668; x_wconf 88' lang='grc' dir='ltr'>τί-</span> 
     </span>
     <span class='ocr_line' id='line_1_5' title="bbox 374 698 1409 791; baseline 0 -21"><span class='ocrx_word' id='word_1_27' title='bbox 374 730 460 790; x_wconf 86' lang='grc' dir='ltr'>μαμα</span> <span class='ocrx_word' id='word_1_28' title='bbox 476 702 586 770; x_wconf 84' lang='grc' dir='ltr'>οἱσάντι</span> <span class='ocrx_word' id='word_1_29' title='bbox 602 698 670 770; x_wconf 73' lang='grc' dir='ltr'>οὔτε</span> <span class='ocrx_word' id='word_1_30' title='bbox 684 710 742 786; x_wconf 83' lang='grc' dir='ltr'>τῷν</span> <span class='ocrx_word' id='word_1_31' title='bbox 755 702 861 791; x_wconf 76' lang='grc' dir='ltr'>χοίρων</span> <span class='ocrx_word' id='word_1_32' title='bbox 874 698 941 769; x_wconf 74' lang='grc' dir='ltr'>οὔτε</span> <span class='ocrx_word' id='word_1_33' title='bbox 952 711 1004 777; x_wconf 75' lang='grc' dir='ltr'>τάς</span> <span class='ocrx_word' id='word_1_34' title='bbox 1017 707 1247 789; x_wconf 71' lang='grc' dir='ltr'>ἐπιοικοδοίμᾶς·</span> <span class='ocrx_word' id='word_1_35' title='bbox 1266 707 1297 769; x_wconf 83' lang='grc' dir='ltr'>αἰ</span> <span class='ocrx_word' id='word_1_36' title='bbox 1310 706 1342 770; x_wconf 82' lang='grc' dir='ltr'>δὲ</span> <span class='ocrx_word' id='word_1_37' title='bbox 1355 705 1409 791; x_wconf 78' lang='grc' dir='ltr'>μή,</span> 
     </span>
     <span class='ocr_line' id='line_1_6' title="bbox 375 803 1411 900; baseline 0 -26"><span class='ocrx_word' id='word_1_38' title='bbox 375 806 522 900; x_wconf 72' lang='grc' dir='ltr'>ίιπάλοροςΙ</span> <span class='ocrx_word' id='word_1_39' title='bbox 534 808 659 894; x_wconf 81' lang='grc' dir='ltr'>ἐσσήται</span> <span class='ocrx_word' id='word_1_40' title='bbox 674 804 782 880; x_wconf 82' lang='grc' dir='ltr'>κάττάς</span> <span class='ocrx_word' id='word_1_41' title='bbox 799 803 919 893; x_wconf 78' lang='grc' dir='ltr'>ρήτρας.</span> <span class='ocrx_word' id='word_1_42' title='bbox 940 810 971 872; x_wconf 85' lang='grc' dir='ltr'>αἰ</span> <span class='ocrx_word' id='word_1_43' title='bbox 988 810 1021 872; x_wconf 82' lang='grc' dir='ltr'>δέ</span> <span class='ocrx_word' id='word_1_44' title='bbox 1035 809 1078 880; x_wconf 86' lang='grc' dir='ltr'>τίς</span> <span class='ocrx_word' id='word_1_45' title='bbox 1094 833 1132 872; x_wconf 80' lang='grc' dir='ltr'>να</span> <span class='ocrx_word' id='word_1_46' title='bbox 1148 814 1206 872; x_wconf 81' lang='grc' dir='ltr'>τῶν</span> <span class='ocrx_word' id='word_1_47' title='bbox 1223 811 1411 895; x_wconf 76' lang='grc' dir='ltr'>καρπιζομέ-</span> 
     </span>
     <span class='ocr_line' id='line_1_7' title="bbox 375 906 1411 999; baseline 0.001 -23"><span class='ocrx_word' id='word_1_48' title='bbox 375 937 432 978; x_wconf 89' lang='grc' dir='ltr'>νων</span> <span class='ocrx_word' id='word_1_49' title='bbox 450 907 570 984; x_wconf 81' lang='grc' dir='ltr'>ἄτεκνος</span> <span class='ocrx_word' id='word_1_50' title='bbox 588 906 707 998; x_wconf 85' lang='grc' dir='ltr'>άφιονος</span> <span class='ocrx_word' id='word_1_51' title='bbox 723 907 880 991; x_wconf 71' lang='grc' dir='ltr'>ἀποίθάνει</span> <span class='ocrx_word' id='word_1_52' title='bbox 889 961 897 989; x_wconf 84' lang='grc'>,</span> <span class='ocrx_word' id='word_1_53' title='bbox 916 915 969 992; x_wconf 80' lang='grc' dir='ltr'>τᾶς</span> <span class='ocrx_word' id='word_1_54' title='bbox 983 910 1086 983; x_wconf 89' lang='grc' dir='ltr'>πόλιος</span> <span class='ocrx_word' id='word_1_55' title='bbox 1101 917 1199 976; x_wconf 84' lang='grc' dir='ltr'>πᾶσαν</span> <span class='ocrx_word' id='word_1_56' title='bbox 1215 909 1267 976; x_wconf 81' lang='grc' dir='ltr'>τάν</span> <span class='ocrx_word' id='word_1_57' title='bbox 1282 914 1411 999; x_wconf 82' lang='grc' dir='ltr'>ἐπικαρ-</span> 
     </span>
     <span class='ocr_line' id='line_1_8' title="bbox 374 1009 1411 1102; baseline 0 -22"><span class='ocrx_word' id='word_1_58' title='bbox 374 1016 443 1082; x_wconf 91' lang='grc' dir='ltr'>πίαν</span> <span class='ocrx_word' id='word_1_59' title='bbox 459 1009 545 1101; x_wconf 78' lang='grc' dir='ltr'>ἦμεν.</span> <span class='ocrx_word' id='word_1_60' title='bbox 573 1018 604 1079; x_wconf 89' lang='grc' dir='ltr'>αί</span> <span class='ocrx_word' id='word_1_61' title='bbox 620 1016 652 1079; x_wconf 81' lang='grc' dir='ltr'>δέ</span> <span class='ocrx_word' id='word_1_62' title='bbox 668 1011 699 1101; x_wconf 65' lang='grc' dir='ltr'>χ’</span> <span class='ocrx_word' id='word_1_63' title='bbox 716 1010 771 1079; x_wconf 85' lang='grc' dir='ltr'>υπὸ</span> <span class='ocrx_word' id='word_1_64' title='bbox 786 1015 909 1099; x_wconf 82' lang='grc' dir='ltr'>πολέμω</span> <span class='ocrx_word' id='word_1_65' title='bbox 924 1013 1168 1099; x_wconf 53' lang='grc' dir='ltr'>ἐγίηληθίωντι,</span> <span class='ocrx_word' id='word_1_66' title='bbox 1194 1011 1266 1089; x_wconf 81' lang='grc' dir='ltr'>ὥςτε</span> <span class='ocrx_word' id='word_1_67' title='bbox 1284 1012 1322 1102; x_wconf 80' lang='grc' dir='ltr'>μή</span> <span class='ocrx_word' id='word_1_68' title='bbox 1339 1018 1411 1100; x_wconf 77' lang='grc' dir='ltr'><strong>ἐξῆ-</strong></span> 
     </span>
     <span class='ocr_line' id='line_1_9' title="bbox 375 1113 1411 1206; baseline 0 -24"><span class='ocrx_word' id='word_1_69' title='bbox 375 1143 427 1206; x_wconf 83' lang='grc' dir='ltr'>μεν</span> <span class='ocrx_word' id='word_1_70' title='bbox 441 1115 512 1205; x_wconf 81' lang='grc' dir='ltr'>Ιτὼς</span> <span class='ocrx_word' id='word_1_71' title='bbox 529 1118 763 1204; x_wconf 84' lang='grc' dir='ltr'>μεμισθωμένως</span> <span class='ocrx_word' id='word_1_72' title='bbox 779 1113 1002 1203; x_wconf 82' lang='grc' dir='ltr'>καρπεάεσθαι,</span> <span class='ocrx_word' id='word_1_73' title='bbox 1028 1114 1179 1183; x_wconf 84' lang='grc' dir='ltr'>ἀνὲώσθαι</span> <span class='ocrx_word' id='word_1_74' title='bbox 1196 1115 1248 1182; x_wconf 84' lang='grc' dir='ltr'>τάν</span> <span class='ocrx_word' id='word_1_75' title='bbox 1266 1118 1411 1203; x_wconf 76' lang='grc' dir='ltr'>μίσθωσιν</span> 
     </span>
     <span class='ocr_line' id='line_1_10' title="bbox 374 1209 1495 1308; baseline -0.002 -20"><span class='ocrx_word' id='word_1_76' title='bbox 374 1218 456 1288; x_wconf 84' lang='grc' dir='ltr'>καθά</span> <span class='ocrx_word' id='word_1_77' title='bbox 478 1248 518 1287; x_wconf 82' lang='grc' dir='ltr'>κα</span> <span class='ocrx_word' id='word_1_78' title='bbox 540 1219 584 1287; x_wconf 87' lang='grc' dir='ltr'>τοί</span> <span class='ocrx_word' id='word_1_79' title='bbox 599 1218 782 1306; x_wconf 58' lang='grc' dir='ltr'>(Ηρακλείοι</span> <span class='ocrx_word' id='word_1_80' title='bbox 798 1223 975 1305; x_wconf 72' lang='grc' dir='ltr'>διαγνῶναι,</span> <span class='ocrx_word' id='word_1_81' title='bbox 1000 1220 1051 1286; x_wconf 83' lang='grc' dir='ltr'>καί</span> <span class='ocrx_word' id='word_1_82' title='bbox 1075 1217 1114 1307; x_wconf 79' lang='grc' dir='ltr'>μή</span> <span class='ocrx_word' id='word_1_83' title='bbox 1135 1218 1140 1306; x_wconf 90' lang='grc' dir='ltr'>Ι</span> <span class='ocrx_word' id='word_1_84' title='bbox 1159 1214 1234 1306; x_wconf 75' lang='grc' dir='ltr'>ἦμεν</span> <span class='ocrx_word' id='word_1_85' title='bbox 1258 1217 1411 1308; x_wconf 81' lang='grc' dir='ltr'>θπολάγως</span> <span class='ocrx_word' id='word_1_86' title='bbox 1492 1209 1495 1214; x_wconf 42' lang='grc'><strong>’</strong></span> 
     </span>
     <span class='ocr_line' id='line_1_11' title="bbox 377 1319 1403 1411; baseline 0 -21"><span class='ocrx_word' id='word_1_87' title='bbox 377 1321 450 1410; x_wconf 77' lang='grc' dir='ltr'>μήτε</span> <span class='ocrx_word' id='word_1_88' title='bbox 467 1321 563 1398; x_wconf 77' lang='grc' dir='ltr'>αθτὼς</span> <span class='ocrx_word' id='word_1_89' title='bbox 581 1323 655 1410; x_wconf 76' lang='grc' dir='ltr'>μήτε</span> <span class='ocrx_word' id='word_1_90' title='bbox 670 1321 725 1396; x_wconf 80' lang='grc' dir='ltr'>τὼς</span> <span class='ocrx_word' id='word_1_91' title='bbox 739 1319 903 1409; x_wconf 75' lang='grc' dir='ltr'>πρωγγάως</span> <span class='ocrx_word' id='word_1_92' title='bbox 919 1329 976 1387; x_wconf 86' lang='grc' dir='ltr'>τῶν</span> <span class='ocrx_word' id='word_1_93' title='bbox 993 1326 1023 1388; x_wconf 87' lang='grc' dir='ltr'>ἐν</span> <span class='ocrx_word' id='word_1_94' title='bbox 1036 1329 1073 1408; x_wconf 76' lang='grc' dir='ltr'>τᾷ</span> <span class='ocrx_word' id='word_1_95' title='bbox 1090 1320 1224 1409; x_wconf 77' lang='grc' dir='ltr'>σονθήκα</span> <span class='ocrx_word' id='word_1_96' title='bbox 1236 1327 1403 1411; x_wconf 74' lang='grc' dir='ltr'>γεγραμμέ-</span> 
     </span>
     <span class='ocr_line' id='line_1_12' title="bbox 304 1422 1411 1514; baseline 0.002 -25"><span class='ocrx_word' id='word_1_97' title='bbox 304 1440 351 1490; x_wconf 82' lang='lat'>155</span> <span class='ocrx_word' id='word_1_98' title='bbox 375 1453 443 1492; x_wconf 91' lang='grc' dir='ltr'>νων.</span> <span class='ocrx_word' id='word_1_99' title='bbox 463 1425 521 1502; x_wconf 77' lang='grc' dir='ltr'>τὼς</span> <span class='ocrx_word' id='word_1_100' title='bbox 545 1428 578 1493; x_wconf 83' lang='grc' dir='ltr'>δὲ</span> <span class='ocrx_word' id='word_1_101' title='bbox 599 1423 772 1514; x_wconf 74' lang='grc' dir='ltr'>πρωγγάίως</span> <span class='ocrx_word' id='word_1_102' title='bbox 795 1423 853 1500; x_wconf 80' lang='grc' dir='ltr'>τῶς</span> <span class='ocrx_word' id='word_1_103' title='bbox 875 1422 925 1491; x_wconf 87' lang='grc' dir='ltr'>άεί</span> <span class='ocrx_word' id='word_1_104' title='bbox 940 1428 1106 1513; x_wconf 78' lang='grc' dir='ltr'>γενομένας</span> <span class='ocrx_word' id='word_1_105' title='bbox 1123 1434 1411 1514; x_wconf 79' lang='grc' dir='ltr'>πεπρωγγοευκῆμεν</span> 
     </span>
     <span class='ocr_line' id='line_1_13' title="bbox 374 1526 1411 1617; baseline 0.002 -21"><span class='ocrx_word' id='word_1_106' title='bbox 374 1537 431 1596; x_wconf 85' lang='grc' dir='ltr'>τῶν</span> <span class='ocrx_word' id='word_1_107' title='bbox 447 1555 479 1596; x_wconf 85' lang='grc' dir='ltr'>τε</span> <span class='ocrx_word' id='word_1_108' title='bbox 496 1526 697 1617; x_wconf 87' lang='grc' dir='ltr'>μισθωμάτων</span> <span class='ocrx_word' id='word_1_109' title='bbox 712 1527 832 1594; x_wconf 83' lang='grc' dir='ltr'>καὶτῶν</span> <span class='ocrx_word' id='word_1_110' title='bbox 848 1527 1099 1616; x_wconf 77' lang='grc' dir='ltr'>ἐπιζαμιωμάτων</span> <span class='ocrx_word' id='word_1_111' title='bbox 1115 1529 1166 1596; x_wconf 89' lang='grc' dir='ltr'>καί</span> <span class='ocrx_word' id='word_1_112' title='bbox 1180 1537 1238 1596; x_wconf 86' lang='grc' dir='ltr'>τῶν</span> <span class='ocrx_word' id='word_1_113' title='bbox 1252 1528 1411 1617; x_wconf 75' lang='grc' dir='ltr'>ἀμίπωλη-</span> 
     </span>
     <span class='ocr_line' id='line_1_14' title="bbox 377 1629 1431 1721; baseline -0.001 -21"><span class='ocrx_word' id='word_1_114' title='bbox 377 1632 475 1720; x_wconf 83' lang='grc' dir='ltr'>μάτων</span> <span class='ocrx_word' id='word_1_115' title='bbox 491 1632 542 1700; x_wconf 85' lang='grc' dir='ltr'>καί</span> <span class='ocrx_word' id='word_1_116' title='bbox 552 1640 605 1700; x_wconf 78' lang='grc' dir='ltr'>τᾶν</span> <span class='ocrx_word' id='word_1_117' title='bbox 617 1637 780 1699; x_wconf 80' lang='grc' dir='ltr'>καταδικᾶν</span> <span class='ocrx_word' id='word_1_118' title='bbox 792 1631 843 1698; x_wconf 85' lang='grc' dir='ltr'>καί</span> <span class='ocrx_word' id='word_1_119' title='bbox 859 1629 953 1707; x_wconf 79' lang='grc' dir='ltr'>αὐτώς</span> <span class='ocrx_word' id='word_1_120' title='bbox 968 1631 1070 1699; x_wconf 82' lang='grc' dir='ltr'>καὶτὰ</span> <span class='ocrx_word' id='word_1_121' title='bbox 1086 1630 1238 1721; x_wconf 73' lang='grc' dir='ltr'>χρήματα,</span> <span class='ocrx_word' id='word_1_122' title='bbox 1258 1629 1328 1700; x_wconf 82' lang='grc' dir='ltr'>άνα</span> <span class='ocrx_word' id='word_1_123' title='bbox 1340 1636 1411 1699; x_wconf 81' lang='grc' dir='ltr'>ἐπι·</span> <span class='ocrx_word' id='word_1_124' title='bbox 1428 1640 1431 1644; x_wconf 78' lang='grc'><strong>’</strong></span> 
     </span>
     <span class='ocr_line' id='line_1_15' title="bbox 377 1729 1473 1824; baseline -0.002 -22"><span class='ocrx_word' id='word_1_125' title='bbox 377 1734 611 1824; x_wconf 76' lang='grc' dir='ltr'>μαρτυρήσαντι,</span> <span class='ocrx_word' id='word_1_126' title='bbox 636 1735 687 1802; x_wconf 89' lang='grc' dir='ltr'>καί</span> <span class='ocrx_word' id='word_1_127' title='bbox 710 1734 750 1822; x_wconf 76' lang='grc' dir='ltr'>μὴ</span> <span class='ocrx_word' id='word_1_128' title='bbox 773 1729 848 1822; x_wconf 77' lang='grc' dir='ltr'>ἦμεν</span> <span class='ocrx_word' id='word_1_129' title='bbox 872 1733 946 1822; x_wconf 79' lang='grc' dir='ltr'>μήτε</span> <span class='ocrx_word' id='word_1_130' title='bbox 968 1731 1102 1824; x_wconf 72' lang='grc' dir='ltr'>άρίνησιν</span> <span class='ocrx_word' id='word_1_131' title='bbox 1130 1737 1203 1823; x_wconf 80' lang='grc' dir='ltr'>μήτε</span> <span class='ocrx_word' id='word_1_132' title='bbox 1225 1737 1411 1803; x_wconf 80' lang='grc' dir='ltr'>παλινδικίαν</span> <span class='ocrx_word' id='word_1_133' title='bbox 1469 1813 1473 1819; x_wconf 21' lang='lat'><strong>¹</strong></span> 
     </span>
     <span class='ocr_line' id='line_1_16' title="bbox 378 1833 1411 1927; baseline -0.003 -21"><span class='ocrx_word' id='word_1_134' title='bbox 378 1841 454 1927; x_wconf 83' lang='grc' dir='ltr'>μηδὲ</span> <span class='ocrx_word' id='word_1_135' title='bbox 469 1836 531 1906; x_wconf 78' lang='grc' dir='ltr'>κατ’</span> <span class='ocrx_word' id='word_1_136' title='bbox 558 1833 649 1907; x_wconf 78' lang='grc' dir='ltr'>ἄλλον</span> <span class='ocrx_word' id='word_1_137' title='bbox 666 1840 742 1926; x_wconf 81' lang='grc' dir='ltr'>μηδὲ</span> <span class='ocrx_word' id='word_1_138' title='bbox 764 1841 817 1905; x_wconf 84' lang='grc' dir='ltr'>ἕνα</span> <span class='ocrx_word' id='word_1_139' title='bbox 839 1835 946 1926; x_wconf 84' lang='grc' dir='ltr'>τρόπον</span> <span class='ocrx_word' id='word_1_140' title='bbox 962 1845 998 1925; x_wconf 77' lang='grc' dir='ltr'>τᾷ</span> <span class='ocrx_word' id='word_1_141' title='bbox 1013 1836 1084 1905; x_wconf 86' lang='grc' dir='ltr'>πάλι</span> <span class='ocrx_word' id='word_1_142' title='bbox 1097 1837 1259 1926; x_wconf 75' lang='grc' dir='ltr'>πράγματα</span> <span class='ocrx_word' id='word_1_143' title='bbox 1280 1841 1411 1926; x_wconf 85' lang='grc' dir='ltr'>παρέχεν</span> 
     </span>
     <span class='ocr_line' id='line_1_17' title="bbox 379 1939 1412 2030; baseline -0.001 -21"><span class='ocrx_word' id='word_1_144' title='bbox 379 1943 455 2029; x_wconf 83' lang='grc' dir='ltr'>μηδὲ</span> <span class='ocrx_word' id='word_1_145' title='bbox 477 1945 537 2017; x_wconf 85' lang='grc' dir='ltr'>τοῖς</span> <span class='ocrx_word' id='word_1_146' title='bbox 560 1939 645 2030; x_wconf 79' lang='grc' dir='ltr'>θΙπὲρ</span> <span class='ocrx_word' id='word_1_147' title='bbox 668 1947 720 2016; x_wconf 77' lang='grc' dir='ltr'>τάς</span> <span class='ocrx_word' id='word_1_148' title='bbox 741 1939 844 2016; x_wconf 89' lang='grc' dir='ltr'>πόλιος</span> <span class='ocrx_word' id='word_1_149' title='bbox 866 1939 1104 2028; x_wconf 85' lang='grc' dir='ltr'>πρασσόντασσι·</span> <span class='ocrx_word' id='word_1_150' title='bbox 1131 1945 1161 2006; x_wconf 88' lang='grc' dir='ltr'>αἰ</span> <span class='ocrx_word' id='word_1_151' title='bbox 1182 1941 1215 2008; x_wconf 82' lang='grc' dir='ltr'>δὲ</span> <span class='ocrx_word' id='word_1_152' title='bbox 1232 1941 1285 2028; x_wconf 76' lang='grc' dir='ltr'>μή,</span> <span class='ocrx_word' id='word_1_153' title='bbox 1311 1939 1412 2016; x_wconf 80' lang='grc' dir='ltr'>ἀτελὲς</span> 
     </span>
     <span class='ocr_line' id='line_1_18' title="bbox 376 2040 1408 2134; baseline -0.002 -22"><span class='ocrx_word' id='word_1_154' title='bbox 376 2040 462 2133; x_wconf 74' lang='grc' dir='ltr'>ἦμεν.</span> <span class='ocrx_word' id='word_1_155' title='bbox 510 2043 664 2133; x_wconf 79' lang='grc' dir='ltr'>δεύτερος·</span> <span class='ocrx_word' id='word_1_156' title='bbox 697 2043 712 2111; x_wconf 79' lang='grc' dir='ltr'>θ</span> <span class='ocrx_word' id='word_1_157' title='bbox 736 2046 769 2112; x_wconf 81' lang='grc' dir='ltr'>δὲ</span> <span class='ocrx_word' id='word_1_158' title='bbox 790 2042 839 2112; x_wconf 82' lang='grc' dir='ltr'>τὸν</span> <span class='ocrx_word' id='word_1_159' title='bbox 864 2041 1000 2132; x_wconf 71' lang='grc' dir='ltr'>δεύτερον</span> <span class='ocrx_word' id='word_1_160' title='bbox 1025 2048 1140 2133; x_wconf 77' lang='grc' dir='ltr'>(χῶρον)</span> <span class='ocrx_word' id='word_1_161' title='bbox 1162 2043 1408 2134; x_wconf 63' lang='grc' dir='ltr'>μισθωσάμενος)</span> 
     </span>
     <span class='ocr_line' id='line_1_19' title="bbox 376 2146 1411 2238; baseline -0.004 -22"><span class='ocrx_word' id='word_1_162' title='bbox 376 2147 580 2238; x_wconf 74' lang='grc' dir='ltr'>καρπεοσήται</span> <span class='ocrx_word' id='word_1_163' title='bbox 610 2147 667 2216; x_wconf 83' lang='grc' dir='ltr'>άπὸ</span> <span class='ocrx_word' id='word_1_164' title='bbox 696 2156 747 2224; x_wconf 75' lang='grc' dir='ltr'>τάς</span> <span class='ocrx_word' id='word_1_165' title='bbox 773 2151 1015 2238; x_wconf 83' lang='grc' dir='ltr'>τριακονταπέδω</span> <span class='ocrx_word' id='word_1_166' title='bbox 1037 2155 1088 2223; x_wconf 79' lang='grc' dir='ltr'>τᾶς</span> <span class='ocrx_word' id='word_1_167' title='bbox 1112 2146 1162 2215; x_wconf 82' lang='grc' dir='ltr'>διὰ</span> <span class='ocrx_word' id='word_1_168' title='bbox 1184 2155 1239 2215; x_wconf 82' lang='grc' dir='ltr'>τῶν</span> <span class='ocrx_word' id='word_1_169' title='bbox 1261 2146 1411 2236; x_wconf 82' lang='grc' dir='ltr'>τετρώρων</span> 
     </span>
     <span class='ocr_line' id='line_1_20' title="bbox 308 2247 1413 2342; baseline 0 -26"><span class='ocrx_word' id='word_1_170' title='bbox 308 2267 356 2317; x_wconf 86' lang='grc'>160</span> <span class='ocrx_word' id='word_1_171' title='bbox 380 2252 497 2341; x_wconf 77' lang='grc' dir='ltr'>άγώσας</span> <span class='ocrx_word' id='word_1_172' title='bbox 513 2253 561 2319; x_wconf 83' lang='grc' dir='ltr'>ἐπί</span> <span class='ocrx_word' id='word_1_173' title='bbox 577 2251 625 2320; x_wconf 83' lang='grc' dir='ltr'>τὸν</span> <span class='ocrx_word' id='word_1_174' title='bbox 651 2247 775 2339; x_wconf 85' lang='grc' dir='ltr'>άντομον</span> <span class='ocrx_word' id='word_1_175' title='bbox 797 2250 846 2319; x_wconf 84' lang='grc' dir='ltr'>τὸν</span> <span class='ocrx_word' id='word_1_176' title='bbox 861 2258 983 2342; x_wconf 80' lang='grc' dir='ltr'>πρᾶτον,</span> <span class='ocrx_word' id='word_1_177' title='bbox 1009 2249 1108 2339; x_wconf 80' lang='grc' dir='ltr'>άσΙσος</span> <span class='ocrx_word' id='word_1_178' title='bbox 1130 2250 1160 2317; x_wconf 81' lang='grc' dir='ltr'>κ’</span> <span class='ocrx_word' id='word_1_179' title='bbox 1181 2253 1218 2334; x_wconf 83' lang='grc' dir='ltr'>εἶ,</span> <span class='ocrx_word' id='word_1_180' title='bbox 1244 2252 1295 2318; x_wconf 90' lang='grc' dir='ltr'>καί</span> <span class='ocrx_word' id='word_1_181' title='bbox 1309 2256 1413 2340; x_wconf 79' lang='grc' dir='ltr'>πραξεῖ</span> 
     </span>
     <span class='ocr_line' id='line_1_21' title="bbox 375 2353 1412 2444; baseline -0.002 -22"><span class='ocrx_word' id='word_1_182' title='bbox 375 2355 472 2424; x_wconf 88' lang='grc' dir='ltr'>πάντα</span> <span class='ocrx_word' id='word_1_183' title='bbox 493 2354 602 2423; x_wconf 80' lang='grc' dir='ltr'>κάττὰν</span> <span class='ocrx_word' id='word_1_184' title='bbox 626 2353 778 2443; x_wconf 77' lang='grc' dir='ltr'>σονθήκαν</span> <span class='ocrx_word' id='word_1_185' title='bbox 801 2356 852 2422; x_wconf 82' lang='grc' dir='ltr'>καί</span> <span class='ocrx_word' id='word_1_186' title='bbox 875 2353 1019 2444; x_wconf 76' lang='grc' dir='ltr'>θπόλογος</span> <span class='ocrx_word' id='word_1_187' title='bbox 1042 2356 1166 2443; x_wconf 78' lang='grc' dir='ltr'>ἐσσήται</span> <span class='ocrx_word' id='word_1_188' title='bbox 1188 2354 1238 2421; x_wconf 86' lang='grc' dir='ltr'>καί</span> <span class='ocrx_word' id='word_1_189' title='bbox 1259 2353 1345 2431; x_wconf 74' lang='grc' dir='ltr'>αὐτὸς</span> <span class='ocrx_word' id='word_1_190' title='bbox 1361 2356 1412 2421; x_wconf 80' lang='grc' dir='ltr'>καί</span> 
     </span>
     <span class='ocr_line' id='line_1_22' title="bbox 376 2456 1408 2548; baseline -0.002 -20"><span class='ocrx_word' id='word_1_191' title='bbox 376 2460 421 2528; x_wconf 86' lang='grc' dir='ltr'>τοί</span> <span class='ocrx_word' id='word_1_192' title='bbox 442 2457 606 2548; x_wconf 77' lang='grc' dir='ltr'>πρωγγάοι,</span> <span class='ocrx_word' id='word_1_193' title='bbox 631 2456 677 2526; x_wconf 68' lang='grc' dir='ltr'>ὅτι</span> <span class='ocrx_word' id='word_1_194' title='bbox 698 2486 738 2525; x_wconf 85' lang='grc' dir='ltr'>κα</span> <span class='ocrx_word' id='word_1_195' title='bbox 757 2461 761 2548; x_wconf 69' lang='grc' dir='ltr'>ί</span> <span class='ocrx_word' id='word_1_196' title='bbox 783 2458 823 2547; x_wconf 77' lang='grc' dir='ltr'><strong>μή</strong></span> <span class='ocrx_word' id='word_1_197' title='bbox 845 2457 949 2547; x_wconf 78' lang='grc' dir='ltr'>πράξει</span> <span class='ocrx_word' id='word_1_198' title='bbox 964 2458 1072 2527; x_wconf 84' lang='grc' dir='ltr'>κὰττάν</span> <span class='ocrx_word' id='word_1_199' title='bbox 1089 2457 1251 2546; x_wconf 74' lang='grc' dir='ltr'>συνθήκαν.</span> <span class='ocrx_word' id='word_1_200' title='bbox 1297 2462 1408 2548; x_wconf 80' lang='grc' dir='ltr'>τρίτος·</span> 
     </span>
     <span class='ocr_line' id='line_1_23' title="bbox 377 2561 1414 2652; baseline -0.002 -22"><span class='ocrx_word' id='word_1_201' title='bbox 377 2562 393 2630; x_wconf 76' lang='grc' dir='ltr'><strong>ὃ</strong></span> <span class='ocrx_word' id='word_1_202' title='bbox 418 2565 450 2630; x_wconf 79' lang='grc' dir='ltr'>δὲ</span> <span class='ocrx_word' id='word_1_203' title='bbox 478 2561 526 2630; x_wconf 87' lang='grc' dir='ltr'>τὸν</span> <span class='ocrx_word' id='word_1_204' title='bbox 555 2565 649 2651; x_wconf 89' lang='grc' dir='ltr'>τρίτον</span> <span class='ocrx_word' id='word_1_205' title='bbox 678 2568 776 2652; x_wconf 81' lang='grc' dir='ltr'>χῶρον</span> <span class='ocrx_word' id='word_1_206' title='bbox 805 2561 1031 2650; x_wconf 79' lang='grc' dir='ltr'>μισθωσάμενος</span> <span class='ocrx_word' id='word_1_207' title='bbox 1060 2561 1265 2651; x_wconf 73' lang='grc' dir='ltr'>καρπεοσήται</span> <span class='ocrx_word' id='word_1_208' title='bbox 1293 2561 1351 2630; x_wconf 83' lang='grc' dir='ltr'>ἀπὸ</span> <span class='ocrx_word' id='word_1_209' title='bbox 1372 2571 1414 2629; x_wconf 83' lang='grc' dir='ltr'>τῶ</span> 
     </span>
     <span class='ocr_line' id='line_1_24' title="bbox 378 2661 1412 2755; baseline -0.003 -22"><span class='ocrx_word' id='word_1_210' title='bbox 378 2664 509 2755; x_wconf 82' lang='grc' dir='ltr'>άνΙτάμω</span> <span class='ocrx_word' id='word_1_211' title='bbox 530 2673 573 2733; x_wconf 83' lang='grc' dir='ltr'>τῶ</span> <span class='ocrx_word' id='word_1_212' title='bbox 594 2663 738 2755; x_wconf 81' lang='grc' dir='ltr'>ἀνώτερον</span> <span class='ocrx_word' id='word_1_213' title='bbox 760 2671 812 2740; x_wconf 84' lang='grc' dir='ltr'>τᾶς</span> <span class='ocrx_word' id='word_1_214' title='bbox 834 2669 1075 2753; x_wconf 81' lang='grc' dir='ltr'>τριακονταπέδω</span> <span class='ocrx_word' id='word_1_215' title='bbox 1096 2664 1201 2734; x_wconf 78' lang='grc' dir='ltr'>πὸττὸν</span> <span class='ocrx_word' id='word_1_216' title='bbox 1218 2661 1343 2754; x_wconf 86' lang='grc' dir='ltr'>άντομον</span> <span class='ocrx_word' id='word_1_217' title='bbox 1363 2663 1412 2732; x_wconf 91' lang='grc' dir='ltr'>τὸν</span> 
     </span>
     <span class='ocr_line' id='line_1_25' title="bbox 378 2766 1412 2857; baseline -0.003 -21"><span class='ocrx_word' id='word_1_218' title='bbox 378 2767 514 2857; x_wconf 75' lang='grc' dir='ltr'>δεύτερον</span> <span class='ocrx_word' id='word_1_219' title='bbox 544 2767 602 2836; x_wconf 83' lang='grc' dir='ltr'>ἀπὸ</span> <span class='ocrx_word' id='word_1_220' title='bbox 630 2775 683 2844; x_wconf 78' lang='grc' dir='ltr'>τᾶς</span> <span class='ocrx_word' id='word_1_221' title='bbox 704 2772 946 2857; x_wconf 80' lang='grc' dir='ltr'>τριακονταπέθω</span> <span class='ocrx_word' id='word_1_222' title='bbox 968 2769 1019 2836; x_wconf 82' lang='grc' dir='ltr'>καί</span> <span class='ocrx_word' id='word_1_223' title='bbox 1039 2769 1043 2856; x_wconf 91' lang='grc' dir='ltr'>Ι</span> <span class='ocrx_word' id='word_1_224' title='bbox 1063 2773 1166 2857; x_wconf 77' lang='grc' dir='ltr'>πραξεῖ</span> <span class='ocrx_word' id='word_1_225' title='bbox 1187 2767 1283 2836; x_wconf 86' lang='grc' dir='ltr'>πάντα</span> <span class='ocrx_word' id='word_1_226' title='bbox 1305 2766 1412 2837; x_wconf 82' lang='grc' dir='ltr'>νάττὰν</span> 
     </span>
     <span class='ocr_line' id='line_1_26' title="bbox 379 2869 1409 2961; baseline 0 -23"><span class='ocrx_word' id='word_1_227' title='bbox 379 2870 531 2959; x_wconf 77' lang='grc' dir='ltr'>σονθήκαν</span> <span class='ocrx_word' id='word_1_228' title='bbox 554 2871 604 2938; x_wconf 84' lang='grc' dir='ltr'>καί</span> <span class='ocrx_word' id='word_1_229' title='bbox 627 2869 771 2959; x_wconf 72' lang='grc' dir='ltr'>ὑπάλογος</span> <span class='ocrx_word' id='word_1_230' title='bbox 794 2872 919 2960; x_wconf 75' lang='grc' dir='ltr'>ἐσσήται</span> <span class='ocrx_word' id='word_1_231' title='bbox 941 2873 992 2938; x_wconf 79' lang='grc' dir='ltr'>καί</span> <span class='ocrx_word' id='word_1_232' title='bbox 1016 2870 1104 2948; x_wconf 76' lang='grc' dir='ltr'>αὐτὸς</span> <span class='ocrx_word' id='word_1_233' title='bbox 1119 2872 1170 2938; x_wconf 85' lang='grc' dir='ltr'>καί</span> <span class='ocrx_word' id='word_1_234' title='bbox 1185 2873 1231 2939; x_wconf 89' lang='grc' dir='ltr'>τοί</span> <span class='ocrx_word' id='word_1_235' title='bbox 1245 2870 1409 2961; x_wconf 78' lang='grc' dir='ltr'>πρωγγιίοι,</span> 
     </span>
     <span class='ocr_line' id='line_1_27' title="bbox 376 2972 1412 3064; baseline -0.002 -21"><span class='ocrx_word' id='word_1_236' title='bbox 376 2972 423 3043; x_wconf 77' lang='grc' dir='ltr'>θτι</span> <span class='ocrx_word' id='word_1_237' title='bbox 453 3002 492 3042; x_wconf 88' lang='grc' dir='ltr'>κα</span> <span class='ocrx_word' id='word_1_238' title='bbox 523 2972 563 3063; x_wconf 79' lang='grc' dir='ltr'>μὴ</span> <span class='ocrx_word' id='word_1_239' title='bbox 593 2974 710 3064; x_wconf 79' lang='grc' dir='ltr'>πράΙΕει</span> <span class='ocrx_word' id='word_1_240' title='bbox 737 2973 845 3042; x_wconf 83' lang='grc' dir='ltr'>κάττάν</span> <span class='ocrx_word' id='word_1_241' title='bbox 875 2974 1037 3063; x_wconf 76' lang='grc' dir='ltr'>σονθήκαν.</span> <span class='ocrx_word' id='word_1_242' title='bbox 1085 2979 1239 3064; x_wconf 79' lang='grc' dir='ltr'>τέταρτος·</span> <span class='ocrx_word' id='word_1_243' title='bbox 1270 2974 1342 3042; x_wconf 71' lang='grc' dir='ltr'>ὅδὲ</span> <span class='ocrx_word' id='word_1_244' title='bbox 1364 2975 1412 3042; x_wconf 83' lang='grc' dir='ltr'>τὸν</span> 
     </span>
     <span class='ocr_line' id='line_1_28' title="bbox 309 3076 1411 3168; baseline 0.004 -26"><span class='ocrx_word' id='word_1_245' title='bbox 309 3094 357 3144; x_wconf 83' lang='lat'>165</span> <span class='ocrx_word' id='word_1_246' title='bbox 380 3083 517 3168; x_wconf 86' lang='grc' dir='ltr'>τέταρτον</span> <span class='ocrx_word' id='word_1_247' title='bbox 547 3086 644 3168; x_wconf 83' lang='grc' dir='ltr'>χῶρον</span> <span class='ocrx_word' id='word_1_248' title='bbox 669 3078 896 3166; x_wconf 86' lang='grc' dir='ltr'>μισθωσάμενος</span> <span class='ocrx_word' id='word_1_249' title='bbox 918 3077 978 3168; x_wconf 93' lang='grc' dir='ltr'>πάρ</span> <span class='ocrx_word' id='word_1_250' title='bbox 1000 3106 1032 3146; x_wconf 90' lang='grc' dir='ltr'>τε</span> <span class='ocrx_word' id='word_1_251' title='bbox 1053 3084 1109 3145; x_wconf 82' lang='grc' dir='ltr'>τῶν</span> <span class='ocrx_word' id='word_1_252' title='bbox 1131 3076 1334 3168; x_wconf 85' lang='grc' dir='ltr'>πολιανάΙμων</span> <span class='ocrx_word' id='word_1_253' title='bbox 1356 3085 1411 3146; x_wconf 82' lang='grc' dir='ltr'>τῶν</span> 
     </span>
     <span class='ocr_line' id='line_1_29' title="bbox 378 3180 1411 3272; baseline 0.001 -23"><span class='ocrx_word' id='word_1_254' title='bbox 378 3183 426 3249; x_wconf 83' lang='grc' dir='ltr'>ἐπὶ</span> <span class='ocrx_word' id='word_1_255' title='bbox 446 3183 628 3272; x_wconf 88' lang='grc' dir='ltr'>Ἀριστίωνος</span> <span class='ocrx_word' id='word_1_256' title='bbox 651 3181 752 3271; x_wconf 83' lang='grc' dir='ltr'>ἐφόρω</span> <span class='ocrx_word' id='word_1_257' title='bbox 774 3184 826 3249; x_wconf 84' lang='grc' dir='ltr'>καί</span> <span class='ocrx_word' id='word_1_258' title='bbox 847 3189 903 3250; x_wconf 84' lang='grc' dir='ltr'>τῶν</span> <span class='ocrx_word' id='word_1_259' title='bbox 926 3181 1044 3271; x_wconf 80' lang='grc' dir='ltr'>ὀριστάν</span> <span class='ocrx_word' id='word_1_260' title='bbox 1067 3180 1117 3250; x_wconf 83' lang='grc' dir='ltr'>καί</span> <span class='ocrx_word' id='word_1_261' title='bbox 1138 3181 1198 3270; x_wconf 83' lang='grc' dir='ltr'>πάρ</span> <span class='ocrx_word' id='word_1_262' title='bbox 1220 3190 1276 3249; x_wconf 83' lang='grc' dir='ltr'>τῶν</span> <span class='ocrx_word' id='word_1_263' title='bbox 1298 3190 1411 3250; x_wconf 91' lang='grc' dir='ltr'>πολια-</span> 
     </span>
     <span class='ocr_line' id='line_1_30' title="bbox 378 3273 1412 3375; baseline 0.001 -24"><span class='ocrx_word' id='word_1_264' title='bbox 378 3284 476 3373; x_wconf 87' lang='grc' dir='ltr'>νάμων</span> <span class='ocrx_word' id='word_1_265' title='bbox 498 3291 554 3352; x_wconf 83' lang='grc' dir='ltr'>τῶν</span> <span class='ocrx_word' id='word_1_266' title='bbox 577 3287 626 3351; x_wconf 81' lang='grc' dir='ltr'>ἐπί</span> <span class='ocrx_word' id='word_1_267' title='bbox 644 3284 828 3375; x_wconf 87' lang='grc' dir='ltr'>Ἀριστάρχω</span> <span class='ocrx_word' id='word_1_268' title='bbox 851 3293 894 3352; x_wconf 80' lang='grc' dir='ltr'>τῶ</span> <span class='ocrx_word' id='word_1_269' title='bbox 907 3283 1100 3374; x_wconf 77' lang='grc' dir='ltr'>Ἡραίκλείδα</span> <span class='ocrx_word' id='word_1_270' title='bbox 1121 3283 1234 3375; x_wconf 85' lang='grc' dir='ltr'>ἐφάρω,</span> <span class='ocrx_word' id='word_1_271' title='bbox 1252 3273 1279 3352; x_wconf 68' lang='grc' dir='ltr'>ά</span> <span class='ocrx_word' id='word_1_272' title='bbox 1295 3281 1412 3373; x_wconf 83' lang='grc' dir='ltr'>άνθεμα</span> 
     </span>
     <span class='ocr_line' id='line_1_31' title="bbox 379 3378 1412 3480; baseline 0.002 -26"><span class='ocrx_word' id='word_1_273' title='bbox 379 3389 549 3475; x_wconf 80' lang='grc' dir='ltr'>Φιλωνθμω</span> <span class='ocrx_word' id='word_1_274' title='bbox 570 3395 612 3456; x_wconf 81' lang='grc' dir='ltr'>τῶ</span> <span class='ocrx_word' id='word_1_275' title='bbox 634 3386 822 3476; x_wconf 82' lang='grc' dir='ltr'>Φιλωνάμω,</span> <span class='ocrx_word' id='word_1_276' title='bbox 853 3378 1022 3480; x_wconf 66' lang='grc' dir='ltr'>ἷέμβολος</span> <span class='ocrx_word' id='word_1_277' title='bbox 1038 3387 1229 3478; x_wconf 83' lang='grc' dir='ltr'>Ἡρακλείδα</span> <span class='ocrx_word' id='word_1_278' title='bbox 1251 3399 1292 3457; x_wconf 83' lang='grc' dir='ltr'>τῶ</span> <span class='ocrx_word' id='word_1_279' title='bbox 1312 3391 1412 3477; x_wconf 86' lang='grc' dir='ltr'>Τιμο-</span> 
     </span>
     <span class='ocr_line' id='line_1_32' title="bbox 378 3489 1412 3582; baseline 0.003 -25"><span class='ocrx_word' id='word_1_280' title='bbox 378 3490 508 3580; x_wconf 87' lang='grc' dir='ltr'>κράτιος,</span> <span class='ocrx_word' id='word_1_281' title='bbox 541 3493 753 3580; x_wconf 70' lang='grc' dir='ltr'>καρπεοίσήται</span> <span class='ocrx_word' id='word_1_282' title='bbox 784 3489 841 3560; x_wconf 80' lang='grc' dir='ltr'>άπὸ</span> <span class='ocrx_word' id='word_1_283' title='bbox 869 3499 910 3560; x_wconf 87' lang='grc' dir='ltr'>τῶ</span> <span class='ocrx_word' id='word_1_284' title='bbox 940 3491 1058 3580; x_wconf 84' lang='grc' dir='ltr'>άντάμω</span> <span class='ocrx_word' id='word_1_285' title='bbox 1087 3500 1129 3559; x_wconf 83' lang='grc' dir='ltr'>τῶ</span> <span class='ocrx_word' id='word_1_286' title='bbox 1154 3495 1242 3582; x_wconf 90' lang='grc' dir='ltr'>τρίτω</span> <span class='ocrx_word' id='word_1_287' title='bbox 1273 3490 1330 3561; x_wconf 86' lang='grc' dir='ltr'>άπὸ</span> <span class='ocrx_word' id='word_1_288' title='bbox 1360 3499 1412 3568; x_wconf 82' lang='grc' dir='ltr'>τᾶς</span> 
     </span>
     <span class='ocr_line' id='line_1_33' title="bbox 377 3590 1410 3686; baseline 0.002 -24"><span class='ocrx_word' id='word_1_289' title='bbox 377 3597 618 3684; x_wconf 83' lang='grc' dir='ltr'>τριακονταπίδω</span> <span class='ocrx_word' id='word_1_290' title='bbox 641 3595 689 3662; x_wconf 85' lang='grc' dir='ltr'>ἐπί</span> <span class='ocrx_word' id='word_1_291' title='bbox 711 3594 759 3663; x_wconf 86' lang='grc' dir='ltr'>τὸν</span> <span class='ocrx_word' id='word_1_292' title='bbox 783 3590 909 3684; x_wconf 88' lang='grc' dir='ltr'>άντομον</span> <span class='ocrx_word' id='word_1_293' title='bbox 931 3595 980 3664; x_wconf 86' lang='grc' dir='ltr'>τὸν</span> <span class='ocrx_word' id='word_1_294' title='bbox 996 3595 1134 3686; x_wconf 77' lang='grc' dir='ltr'>ὁρίζοντα</span> <span class='ocrx_word' id='word_1_295' title='bbox 1148 3598 1203 3671; x_wconf 86' lang='grc' dir='ltr'>τώς</span> <span class='ocrx_word' id='word_1_296' title='bbox 1219 3622 1250 3662; x_wconf 93' lang='grc' dir='ltr'>τε</span> <span class='ocrx_word' id='word_1_297' title='bbox 1265 3603 1306 3662; x_wconf 84' lang='grc' dir='ltr'>τῶ</span> <span class='ocrx_word' id='word_1_298' title='bbox 1319 3599 1410 3682; x_wconf 71' lang='grc' dir='ltr'>Δια-λ</span> 
     </span>
     <span class='ocr_line' id='line_1_34' title="bbox 379 3696 1413 3788; baseline 0.001 -22"><span class='ocrx_word' id='word_1_299' title='bbox 379 3697 459 3766; x_wconf 79' lang='grc' dir='ltr'>νόσω</span> <span class='ocrx_word' id='word_1_300' title='bbox 494 3698 599 3787; x_wconf 74' lang='grc' dir='ltr'>χοίρως</span> <span class='ocrx_word' id='word_1_301' title='bbox 626 3697 676 3765; x_wconf 80' lang='grc' dir='ltr'>καί</span> <span class='ocrx_word' id='word_1_302' title='bbox 705 3696 742 3766; x_wconf 86' lang='grc' dir='ltr'>τά</span> <span class='ocrx_word' id='word_1_303' title='bbox 770 3701 892 3775; x_wconf 78' lang='grc' dir='ltr'>Φιντίας</span> <span class='ocrx_word' id='word_1_304' title='bbox 922 3699 938 3767; x_wconf 80' lang='lat'>‘0</span> <span class='ocrx_word' id='word_1_305' title='bbox 969 3700 1107 3788; x_wconf 87' lang='grc' dir='ltr'>Κρατίνω</span> <span class='ocrx_word' id='word_1_306' title='bbox 1134 3704 1286 3788; x_wconf 80' lang='grc' dir='ltr'>παμωχεῖ,</span> <span class='ocrx_word' id='word_1_307' title='bbox 1334 3700 1349 3766; x_wconf 81' lang='grc' dir='ltr'>ὁ</span> <span class='ocrx_word' id='word_1_308' title='bbox 1380 3702 1413 3767; x_wconf 82' lang='grc' dir='ltr'>δὲ</span> 
     </span>
     <span class='ocr_line' id='line_1_35' title="bbox 378 3798 1413 3893; baseline 0.002 -24"><span class='ocrx_word' id='word_1_309' title='bbox 378 3798 558 3889; x_wconf 85' lang='grc' dir='ltr'>άνὲλάμενος</span> <span class='ocrx_word' id='word_1_310' title='bbox 581 3800 740 3890; x_wconf 73' lang='grc' dir='ltr'>ἐργαξήται</span> <span class='ocrx_word' id='word_1_311' title='bbox 754 3801 791 3870; x_wconf 83' lang='grc' dir='ltr'>τά</span> <span class='ocrx_word' id='word_1_312' title='bbox 807 3805 860 3890; x_wconf 84' lang='grc' dir='ltr'>μὲν</span> <span class='ocrx_word' id='word_1_313' title='bbox 877 3799 956 3871; x_wconf 81' lang='grc' dir='ltr'>ἄλλα</span> <span class='ocrx_word' id='word_1_314' title='bbox 971 3802 1078 3872; x_wconf 81' lang='grc' dir='ltr'>κᾶττάν</span> <span class='ocrx_word' id='word_1_315' title='bbox 1100 3805 1104 3893; x_wconf 69' lang='grc' dir='ltr'>ί</span> <span class='ocrx_word' id='word_1_316' title='bbox 1124 3802 1288 3891; x_wconf 73' lang='grc' dir='ltr'>σονθήκαν,</span> <span class='ocrx_word' id='word_1_317' title='bbox 1313 3803 1413 3879; x_wconf 82' lang='grc' dir='ltr'>ναθώς</span> 
     </span>
     <span class='ocr_line' id='line_1_36' title="bbox 378 3903 1412 3996; baseline 0.001 -24"><span class='ocrx_word' id='word_1_318' title='bbox 378 3904 428 3972; x_wconf 82' lang='grc' dir='ltr'>καί</span> <span class='ocrx_word' id='word_1_319' title='bbox 449 3903 504 3981; x_wconf 80' lang='grc' dir='ltr'>τὼς</span> <span class='ocrx_word' id='word_1_320' title='bbox 527 3903 636 3981; x_wconf 82' lang='grc' dir='ltr'>λοιπώς</span> <span class='ocrx_word' id='word_1_321' title='bbox 658 3909 833 3994; x_wconf 78' lang='grc' dir='ltr'>γέγραπται.</span> <span class='ocrx_word' id='word_1_322' title='bbox 879 3904 932 3982; x_wconf 80' lang='grc' dir='ltr'>τάς</span> <span class='ocrx_word' id='word_1_323' title='bbox 955 3907 988 3973; x_wconf 83' lang='grc' dir='ltr'>δὲ</span> <span class='ocrx_word' id='word_1_324' title='bbox 1011 3904 1150 3994; x_wconf 86' lang='grc' dir='ltr'>άμπέλως</span> <span class='ocrx_word' id='word_1_325' title='bbox 1165 3905 1217 3982; x_wconf 85' lang='grc' dir='ltr'>τάς</span> <span class='ocrx_word' id='word_1_326' title='bbox 1233 3904 1412 3996; x_wconf 79' lang='grc' dir='ltr'>θπαρχώσας</span> 
     </span>
     <span class='ocr_line' id='line_1_37' title="bbox 309 4004 1413 4098; baseline 0.004 -25"><span class='ocrx_word' id='word_1_327' title='bbox 309 4023 356 4073; x_wconf 82' lang='grc' dir='ltr'>1ῖο</span> <span class='ocrx_word' id='word_1_328' title='bbox 378 4004 538 4097; x_wconf 75' lang='grc' dir='ltr'>ἑργαὶήται</span> <span class='ocrx_word' id='word_1_329' title='bbox 560 4005 598 4083; x_wconf 80' lang='grc' dir='ltr'>ὡς</span> <span class='ocrx_word' id='word_1_330' title='bbox 621 4009 778 4098; x_wconf 75' lang='grc' dir='ltr'>βέλτιίστα.</span> <span class='ocrx_word' id='word_1_331' title='bbox 825 4005 913 4077; x_wconf 77' lang='grc' dir='ltr'>ὅσσαι</span> <span class='ocrx_word' id='word_1_332' title='bbox 936 4013 968 4076; x_wconf 82' lang='grc' dir='ltr'>δέ</span> <span class='ocrx_word' id='word_1_333' title='bbox 991 4019 1104 4078; x_wconf 79' lang='grc' dir='ltr'>κοιτᾶν</span> <span class='ocrx_word' id='word_1_334' title='bbox 1128 4008 1268 4098; x_wconf 81' lang='grc' dir='ltr'>ἀμπέλων</span> <span class='ocrx_word' id='word_1_335' title='bbox 1291 4007 1413 4097; x_wconf 78' lang='grc' dir='ltr'>ἀπογη-</span> 
     </span>
     <span class='ocr_line' id='line_1_38' title="bbox 379 4109 1412 4203; baseline 0.001 -24"><span class='ocrx_word' id='word_1_336' title='bbox 379 4110 541 4202; x_wconf 83' lang='grc' dir='ltr'>ράσκωντι,</span> <span class='ocrx_word' id='word_1_337' title='bbox 565 4116 784 4200; x_wconf 86' lang='grc' dir='ltr'>ποτιφοτεοσεῖ,</span> <span class='ocrx_word' id='word_1_338' title='bbox 809 4109 880 4188; x_wconf 81' lang='grc' dir='ltr'>ὥςτε</span> <span class='ocrx_word' id='word_1_339' title='bbox 903 4109 949 4180; x_wconf 86' lang='grc' dir='ltr'>άεί</span> <span class='ocrx_word' id='word_1_340' title='bbox 972 4112 1102 4203; x_wconf 82' lang='grc' dir='ltr'>ίιπάρχεν</span> <span class='ocrx_word' id='word_1_341' title='bbox 1124 4112 1174 4181; x_wconf 84' lang='grc' dir='ltr'>τὸν</span> <span class='ocrx_word' id='word_1_342' title='bbox 1197 4113 1260 4180; x_wconf 84' lang='grc' dir='ltr'>ἴσον</span> <span class='ocrx_word' id='word_1_343' title='bbox 1284 4110 1412 4203; x_wconf 83' lang='grc' dir='ltr'>ἀριθμὸν</span> 
     </span>
     <span class='ocr_line' id='line_1_39' title="bbox 379 4214 1411 4307; baseline 0 -25"><span class='ocrx_word' id='word_1_344' title='bbox 379 4224 431 4283; x_wconf 81' lang='grc' dir='ltr'>τᾶν</span> <span class='ocrx_word' id='word_1_345' title='bbox 451 4215 456 4304; x_wconf 90' lang='grc' dir='ltr'>Ι</span> <span class='ocrx_word' id='word_1_346' title='bbox 476 4217 602 4305; x_wconf 90' lang='grc' dir='ltr'>σχοίνων</span> <span class='ocrx_word' id='word_1_347' title='bbox 632 4214 681 4282; x_wconf 86' lang='grc' dir='ltr'>τὸν</span> <span class='ocrx_word' id='word_1_348' title='bbox 704 4224 753 4283; x_wconf 76' lang='grc' dir='ltr'>νῦν</span> <span class='ocrx_word' id='word_1_349' title='bbox 777 4214 949 4306; x_wconf 73' lang='grc' dir='ltr'>ὑπάρχοντα</span> <span class='ocrx_word' id='word_1_350' title='bbox 960 4269 969 4298; x_wconf 93' lang='grc'><strong><em>,</em></strong></span> <span class='ocrx_word' id='word_1_351' title='bbox 1005 4219 1110 4298; x_wconf 63' lang='grc' dir='ltr'>,λίκατι</span> <span class='ocrx_word' id='word_1_352' title='bbox 1129 4214 1250 4306; x_wconf 87' lang='grc' dir='ltr'>τετάρας</span> <span class='ocrx_word' id='word_1_353' title='bbox 1273 4219 1411 4307; x_wconf 87' lang='grc' dir='ltr'>σχοίνως.</span> 
     </span>
     <span class='ocr_line' id='line_1_40' title="bbox 382 4318 1413 4411; baseline 0.002 -26"><span class='ocrx_word' id='word_1_354' title='bbox 382 4323 413 4385; x_wconf 88' lang='grc' dir='ltr'>αί</span> <span class='ocrx_word' id='word_1_355' title='bbox 429 4320 462 4387; x_wconf 82' lang='grc' dir='ltr'>δὲ</span> <span class='ocrx_word' id='word_1_356' title='bbox 479 4320 531 4407; x_wconf 77' lang='grc' dir='ltr'>μή,</span> <span class='ocrx_word' id='word_1_357' title='bbox 545 4318 833 4407; x_wconf 83' lang='grc' dir='ltr'>προκαδδεδικάσθω</span> <span class='ocrx_word' id='word_1_358' title='bbox 849 4318 902 4387; x_wconf 82' lang='grc' dir='ltr'>δάο</span> <span class='ocrx_word' id='word_1_359' title='bbox 919 4327 993 4407; x_wconf 76' lang='grc' dir='ltr'>μνᾶς</span> <span class='ocrx_word' id='word_1_360' title='bbox 1009 4319 1140 4410; x_wconf 79' lang='grc' dir='ltr'>άργορίω</span> <span class='ocrx_word' id='word_1_361' title='bbox 1158 4323 1161 4404; x_wconf 72' lang='grc' dir='ltr'>ί</span> <span class='ocrx_word' id='word_1_362' title='bbox 1178 4319 1239 4410; x_wconf 86' lang='grc' dir='ltr'>πάρ</span> <span class='ocrx_word' id='word_1_363' title='bbox 1254 4319 1307 4388; x_wconf 82' lang='grc' dir='ltr'>τὰν</span> <span class='ocrx_word' id='word_1_364' title='bbox 1323 4325 1413 4411; x_wconf 85' lang='grc' dir='ltr'>σχοῖ-</span> 
     </span>
     <span class='ocr_line' id='line_1_41' title="bbox 377 4418 1414 4500; baseline 0 -10"><span class='ocrx_word' id='word_1_365' title='bbox 377 4448 427 4490; x_wconf 92' lang='grc' dir='ltr'>νον</span> <span class='ocrx_word' id='word_1_366' title='bbox 458 4421 598 4490; x_wconf 84' lang='grc' dir='ltr'>ἑκάσταν.</span> <span class='ocrx_word' id='word_1_367' title='bbox 644 4420 697 4497; x_wconf 83' lang='grc' dir='ltr'>τάς</span> <span class='ocrx_word' id='word_1_368' title='bbox 727 4424 760 4489; x_wconf 80' lang='grc' dir='ltr'>δὲ</span> <span class='ocrx_word' id='word_1_369' title='bbox 790 4424 894 4498; x_wconf 82' lang='grc' dir='ltr'>ἐλαίας</span> <span class='ocrx_word' id='word_1_370' title='bbox 924 4421 975 4490; x_wconf 78' lang='grc' dir='ltr'>καί</span> <span class='ocrx_word' id='word_1_371' title='bbox 1001 4421 1053 4498; x_wconf 81' lang='grc' dir='ltr'>τὰς</span> <span class='ocrx_word' id='word_1_372' title='bbox 1077 4426 1180 4500; x_wconf 84' lang='grc' dir='ltr'>σοκίας</span> <span class='ocrx_word' id='word_1_373' title='bbox 1203 4421 1313 4491; x_wconf 77' lang='grc' dir='ltr'>καὶτὰ</span> <span class='ocrx_word' id='word_1_374' title='bbox 1336 4418 1414 4490; x_wconf 89' lang='grc' dir='ltr'>άλλα</span> 
     </span>
    </p>
   </div>
   <div class='ocr_carea' id='block_1_4' title="bbox 0 0 1654 5196">
    <p class='ocr_par' dir='ltr' id='par_1_4' title="bbox 0 0 1654 5196">
     <span class='ocr_line' id='line_1_42' title="bbox 0 0 1654 5196; baseline 0 0"><span class='ocrx_word' id='word_1_375' title='bbox 0 0 1654 5196; x_wconf 95' lang='lat' dir='ltr'> </span> 
     </span>
    </p>
   </div>
  </div>
 </body>
</html>
