3178 5188
359 341 419 407 128
750 342 783 394 li.
808 342 1001 408 inscriptiones
1019 342 1152 394 lecticae.
1435 340 1507 405 [itt-

360 551 553 616 invasionem
577 549 734 612 Gallorum
758 548 820 611 279
841 569 870 611 a.
890 549 964 612 Chr.
991 548 1102 612 iactam
1127 550 1279 630 scriptum
1296 569 1378 611 esse.
1396 548 1510 628 sedquia

358 655 526 734 imaginem
549 652 664 733 lapidis
686 672 749 714 non
775 654 937 734 proposuit
960 663 992 716 et
1014 653 1089 715 solis
1112 652 1214 715 literis
1237 653 1421 720 minusculis
1440 652 1511 715 verba

359 758 428 820 eius
451 757 598 839 repetiit,
624 758 767 837 cognosci
791 776 854 818 non
876 766 997 837 potest,
1023 776 1098 819 num
1122 755 1163 818 de
1185 766 1287 819 aetate
1310 766 1399 819 recte
1420 757 1512 818 iudica-

361 861 455 922 verit.
502 859 660 922 notandus
693 870 741 922 est
774 858 900 922 datitus
933 859 1017 940 plur.
1042 860 1155 921 tertiae
1178 859 1399 922 declinationis
1419 860 1449 921 in
1466 882 1513 929 -υις

359 963 470 1027 exiens
498 956 688 1047 (Αίνιοίνοις),
715 962 755 1025 de
779 983 841 1044 quo
863 983 895 1024 v.
924 962 965 1026 ad
986 965 1036 1026 tit.
1063 965 1137 1026 404.

1355 1127 1507 1139 --

358 1217 425 1287 106
447 1223 586 1303 Hypatae
609 1223 643 1283 in
666 1240 755 1284 muro
778 1222 928 1284 ecclesiae
950 1223 1094 1286 alicuius.

740 1431 744 1442 ·
768 1404 844 1482 Θεὸς
864 1405 965 1497 τυχαίν
991 1406 1133 1496 ἀγαθάν]

463 1545 546 1620 ἔδοξε
567 1547 629 1620 τοῖς
652 1542 805 1620 Αίνιάνοις
829 1543 974 1613 δεδόσθαι
994 1547 1001 1631 [
1004 1597 1126 1613 .....
1150 1547 1313 1636 προξενίαν]

461 1648 557 1738 [παβοὰ
577 1656 630 1717 τοῦ
651 1655 752 1717 κοινοῦ
773 1654 832 1716 τῶν
855 1647 1017 1717 Αἰνιάνων.
1043 1653 1088 1717 Λυ
1105 1700 1371 1718 ..........

462 1752 539 1822 κατὰ
560 1751 609 1820 τὸν
631 1751 733 1841 νόμον.
757 1755 860 1842 ἔγγυον
880 1760 933 1830 τᾶς
954 1755 1110 1843 προβενίας
1128 1803 1278 1821 ......
1298 1757 1417 1843 βουλος]

427 1872 442 1922 5
462 1855 621 1947 Ἀγελόχου
643 1857 694 1924 καί
716 1857 867 1933 Βουλαῖυς
890 1855 1110 1947 Μαχοβοίιίλυυ.
1141 1851 1291 1947 ἄρχοντες]
1315 1910 1321 1923 .
1346 1911 1353 1925 .
1376 1910 1383 1924 .
1405 1910 1411 1922 .
1431 1909 1438 1924 .
1456 1909 1484 1922 ..

465 1966 516 2036 λος
534 1958 771 2051 Ἀριστομένους,
799 1960 976 2051 Νικόμαχος
1000 2010 1484 2031 ..................

463 2065 605 2155 Εὐβίοτος
627 2066 768 2149 Διναίου,
794 2063 937 2155 Εὐβίοτος
957 2063 1027 2155 Ἀρχ
1030 2114 1484 2133 .................

356 2257 464 2321 Edidit
486 2261 519 2320 L.
545 2261 638 2339 Ross,
676 2257 943 2342 ‘Arcddolopt'sclte
958 2256 1120 2340 Aussdtze’
1144 2261 1170 2320 ll
1197 2259 1300 2342 (4864)
1327 2280 1364 2340 p.
1385 2257 1457 2336 tot,
1478 2255 1515 2336 qui

356 2363 425 2443 ipse
448 2361 629 2444 descripsit.
662 2365 694 2424 in
718 2363 827 2425 eodem
851 2363 956 2444 lapide
980 2373 1082 2426 exstat
1103 2364 1237 2425 alterum
1261 2361 1469 2443 fragmentum
1487 2359 1516 2419 si-

357 2463 441 2526 milis
463 2464 583 2528 decreti
606 2467 704 2546 magis
727 2468 819 2528 etiam
843 2466 987 2528 mutilum
1012 2485 1105 2547 quam
1130 2468 1199 2528 hoc.‘
1224 2485 1296 2529 nam
1319 2467 1355 2528 in
1374 2467 1426 2526 illo
1447 2480 1516 2525 neea

356 2568 503 2647 quidem,
528 2579 659 2650 propter
681 2588 775 2650 quam
798 2571 883 2631 hunc
905 2570 1031 2632 titulum
1047 2570 1219 2651 adscripsi,
1246 2570 1344 2631 forma
1363 2569 1458 2633 dativi
1477 2563 1516 2629 tt-

356 2663 488 2748 νιάνοις,
524 2672 564 2734 de
593 2692 654 2753 qua
686 2693 717 2734 ν.
749 2672 788 2734 ad
821 2674 901 2753 404,
938 2684 1062 2735 servata
1091 2684 1150 2736 est.
1196 2673 1339 2737 Aetatem
1374 2675 1516 2750 utriusque

356 2777 568 2839 dominatione
590 2779 796 2838 Romanorum
821 2778 1015 2858 superiorem
1039 2797 1108 2840 esse
1132 2788 1221 2859 putat
1243 2780 1384 2840 Rossius
