3178 5188
80 309 176 374 -tte]
553 311 648 374 Tegee.
673 310 798 361 idalium.
1202 311 1262 374 139

84 515 192 595 pidem
216 516 417 597 inspexisset,
444 517 677 580 accuratissimo
699 516 878 597 apographo
900 535 977 578 usus
999 517 1194 596 singulorum
1215 537 1272 579 vo-

85 618 268 682 cabulorum
291 621 467 701 scripturae
490 630 522 682 et
545 620 799 701 interpretationi
818 620 962 682 nonnihil
978 619 1108 700 profuit.
1148 619 1272 683 addidit

84 720 303 785 adnotationes
325 722 363 784 G.
389 723 492 785 Curru
522 741 581 804 per
609 723 718 785 literas
741 725 770 785 ei
792 722 942 800 traditas,
977 723 1094 803 quibus
1117 722 1272 786 dialectus

84 823 180 886 huius
212 826 426 906 inscriptionis
460 827 647 888 illustratur.
694 844 766 887 nam
796 843 837 887 ex
866 844 903 887 ea
932 824 972 887 de
1002 835 1114 888 natura
1144 827 1271 888 dialecti

83 926 256 989 Arcadicae
287 947 350 988 non
380 947 480 1009 pauca
509 928 588 990 disci
618 937 761 1009 possunt.
810 930 843 988 in
871 947 935 990 uno
961 928 1120 991 Michaelis
1149 947 1271 992 errasse

84 1028 224 1110 videtur,
250 1030 336 1111 quod
357 1051 389 1094 v.
408 1032 425 1091 3
452 1023 630 1115 ἀδικημένος
645 1031 848 1111 participium
863 1031 945 1111 perf.
963 1049 1047 1112 pass.
1067 1049 1137 1093 esse
1151 1033 1267 1109 voluit3

84 1142 133 1195 est
155 1133 240 1195 haud
262 1133 361 1196 dubie
385 1129 563 1219 ἀδικήμενος
586 1144 668 1215 part.
694 1153 798 1216 praes.
824 1153 865 1195 ex
887 1135 1029 1215 analogia
1049 1133 1222 1197 verborum
1239 1137 1270 1195 in

86 1258 165 1318 -ημι
186 1236 402 1299 desinentium
416 1238 596 1315 formatum,
614 1237 655 1299 de
671 1255 733 1318 quo
749 1237 789 1298 ci.
808 1237 975 1317 Merodori,
1004 1237 1273 1319 ‘Sprocltwisseo-

86 1338 262 1419 sclostlt'cltc
296 1340 528 1424 obdoodluopeo
562 1360 619 1402 cus
651 1342 686 1402 G.
721 1341 853 1402 0331131
883 1339 1136 1424 prommott'scltcr
1163 1342 1272 1424 933311-

86 1440 209 1522 soltost,'
233 1442 326 1520 1871,
345 1463 378 1523 p.
398 1445 450 1506 32.
489 1452 619 1524 praeter
634 1444 715 1536 hqno
730 1442 872 1522 formam,
898 1444 989 1505 cuius
1003 1444 1122 1506 similes
1138 1445 1170 1504 in
1187 1463 1272 1505 com-

86 1543 233 1624 pluribus
256 1546 399 1608 dialectis
414 1545 543 1609 Graecis
566 1547 782 1627 reperiuntur,
808 1545 1072 1609 commemorandi
1096 1554 1127 1608 et
1146 1545 1272 1609 dialecti

86 1644 257 1710 Arcadioae
280 1649 415 1710 maxime
438 1651 560 1730 proprii
582 1659 657 1712 sunt
679 1648 777 1711 dativi
799 1649 881 1729 sing.
907 1647 1064 1712 secundae
1087 1648 1273 1712 declinatio-

87 1751 138 1811 nis
168 1752 201 1812 in
223 1773 277 1814 -ot
304 1750 488 1814 desinentes
521 1751 558 1834 (3.
577 1772 607 1833 g.
634 1752 659 1816 lo
688 1747 734 1814 τοῖ
761 1746 845 1816 edroi
866 1751 950 1836 ἔργοι
970 1771 1002 1814 v,
1021 1752 1050 1835 2)
1078 1761 1111 1814 31
1132 1752 1272 1834 genetivi

88 1854 171 1933 sing.
196 1857 318 1934 primae
349 1854 568 1918 declinationis
598 1858 631 1917 in
653 1877 715 1918 -oo
738 1855 922 1917 desinentes
956 1855 995 1938 (3.
1014 1875 1044 1936 g.
1070 1853 1180 1939 ζαμίαυ
1204 1855 1270 1937 21).

88 1975 223 2036 quarum
252 1957 423 2020 formarum
453 1961 610 2039 posterior
639 1958 794 2039 quomodo
822 1957 1006 2040 explicanda
1036 1959 1093 2038 sit,
1127 1958 1274 2039 exposuit

89 2059 210 2122 Gelbke
233 2061 295 2122 1.1.
321 2063 360 2124 23
371 2081 420 2143 sq.
446 2085 462 2124 3
485 2080 707 2143 nonnusquam
729 2071 848 2123 mutata
871 2062 974 2124 estin
998 2085 1015 2124 3
1042 2060 1081 2145 (3.
1101 2081 1131 2143 g.
1157 2054 1216 2124 ἀπό
1240 2062 1269 2139 1,

87 2156 257 2247 333111),
290 2163 310 2229 ἄ
339 2166 372 2227 in
399 2187 414 2227 ε
448 2163 644 2247 (ἐςδέλλοντες
671 2184 729 2247 pro
758 2159 952 2250 ἐκβάλλοντες
979 2163 1047 2247 il).
1093 2166 1273 2227 terminatio

89 2269 202 2329 tertiae
232 2287 386 2349 personae
414 2269 496 2350 sing.
522 2268 607 2332 med.
639 2277 687 2332 est
708 2291 777 2332 -τοι
797 2287 855 2350 pro
877 2290 950 2331 -rot
976 2266 1016 2350 (3.
1034 2287 1065 2349 g.
1089 2265 1203 2352 γίνητοι
1220 2269 1271 2344 2).

87 2372 338 2451 praepositiones
360 2381 435 2434 sunt
456 2371 488 2443 ἐς
509 2391 567 2453 pro
590 2371 620 2441 ἐξ
647 2370 686 2454 (3.
705 2391 736 2452 g.
755 2373 914 2456 ἐσδοτῆρες
930 2370 975 2453 6),
1002 2371 1027 2434 lo
1049 2389 1107 2452 pro
1130 2370 1172 2442 εἰς
1194 2380 1226 2432 31
1241 2371 1272 2434 ἐν

93 2473 131 2554 (lv
154 2470 298 2559 ἐπίκρισιν
315 2477 366 2536 19.
394 2475 419 2539 ἰν
440 2475 488 2539 roi
510 2470 595 2539 31τοῖ
616 2472 699 2560 ἔργοι
714 2474 761 2557 2).
808 2468 867 2538 ἀπό
890 2485 922 2538 31
944 2475 976 2546 ἐς
991 2492 1062 2537 curn
1078 2473 1182 2536 dativo
1199 2493 1275 2536 con-

89 2579 267 2657 iunguntur
293 2572 421 2664 (31πύτῖ)
444 2571 480 2642 ἂν
494 2615 538 2626 -
552 2578 673 2663 γένητοι
688 2581 719 2640 l.
751 2577 782 2650 ἐς
804 2578 850 2642 roi
871 2576 954 2662 ἔργοι
975 2577 1042 2660 51).
1078 2579 1170 2658 plura
1193 2597 1275 2640 enu-

89 2697 214 2742 merare
245 2682 372 2761 longum
395 2693 458 2762 est,
489 2683 676 2763 praesertim
698 2700 770 2747 oum
793 2681 829 2743 G.
856 2681 983 2743 Curtius
1006 2690 1037 2743 et
1059 2679 1180 2742 Gelbke
1202 2680 1223 2740 l.
1249 2681 1272 2741 l.

88 2785 242 2864 peculiari
266 2803 341 2846 cura
364 2786 449 2848 huno
464 2786 590 2848 titulum
606 2786 822 2847 tractaverint.
839 2819 884 2830 -
898 2783 937 2846 de
952 2793 1055 2846 aetate
1072 2783 1166 2846 huius
1181 2781 1275 2844 tabu-

88 2887 242 2948 laenihil
264 2889 342 2950 certi
365 2897 501 2962 constat;
529 2887 586 2950 sed
600 2887 760 2950 Michaelis
782 2888 913 2949 formam
935 2887 1101 2949 literarum
1119 2904 1187 2946 earn
1203 2889 1273 2946 es'se

89 2988 178 3068 dicit,
204 3006 285 3069 quae
308 2990 397 3052 initio
420 2989 642 3052 dominationis
660 2991 869 3053 Romanorum
892 2990 1036 3071 superior
1057 2987 1197 3068 putanda
1219 2988 1272 3049 sit.

570 3380 602 3448 2.
635 3379 799 3448 Idalium.

92 3533 160 3601 118
187 3537 317 3600 13113113
345 3538 382 3599 313
408 3537 533 3618 brocco,
568 3538 744 3600 de'couverte
773 3537 904 3612 3111311,
935 3556 992 3620 que
1018 3537 1080 3600 'l'ott
1110 3537 1187 3598 croit
1213 3541 1276 3598 1133

184 3640 311 3703 13333133
326 3642 473 3718 Idalium,
498 3641 578 3703 daos
600 3660 660 3703 333
678 3643 784 3722 plcioe
804 3642 907 3703 e'troite
922 3649 1060 3703 converte
1075 3641 1112 3702 313
1136 3640 1275 3702 ‘tumuli'

185 3745 280 3808 313313
309 3749 400 3825 apres
429 3746 553 3827 quelque
580 3745 698 3827 9333313
727 3743 860 3806 13131113.
884 3748 984 3806 -13
1012 3743 1067 3806 133Ι
1095 3745 1276 3824 acquiscere

186 3850 270 3910 1850
292 3848 328 3909 313
350 3849 391 3911 M.
419 3849 543 3925 Percote,
567 3846 737 3911 cloocelier
759 3848 800 3909 du
822 3847 961 3910 coosulat
981 3848 1017 3909 313
1032 3849 1149 3909 Franco
1171 3847 1278 3908 311131-

184 3951 283 4013 rotro.
327 3969 364 4013 ns
388 3953 512 4013 Lurnus.

378 4138 508 4220 (textum
531 4137 604 4201 vide
627 4141 660 4200 in
683 4139 798 4219 pagina
821 4138 991 4222 sequenti.)
