3238 5198
328 345 363 386 xx
836 345 1016 392 Prooemium.

330 579 406 658 luit,
441 581 471 640 in
496 582 690 640 severiorem
712 591 743 642 et
767 583 924 641 mitiorem
947 580 1065 654 dividi,
1100 580 1189 640 facilc
1213 580 1359 660 probabit
1381 584 1424 657 is,
1459 584 1523 660 qui

330 702 526 777 meminerit,
564 720 660 780 quam
694 702 802 781 pusilli
832 700 1028 764 discriminis
1060 701 1263 762 fundamento
1296 703 1356 762 ista
1385 704 1523 781 partitio

327 823 457 882 nitatur.
482 857 526 866 -

417 943 497 1002 llaec
519 941 615 1003 habui
640 961 722 1022 quae
746 943 850 1003 libello
867 945 1113 1023 praemitterem.
1153 944 1185 1002 in
1202 963 1265 1022 qno
1280 944 1418 1022 aliquam
1434 962 1524 1022 ope-

330 1081 396 1122 ram
419 1083 435 1122 a
460 1083 510 1123 me
540 1064 721 1124 collocatam
750 1083 819 1124 esse
849 1066 909 1124 etsi
933 1063 1063 1124 fortasse
1086 1063 1209 1141 credis,
1240 1073 1346 1124 tamen
1367 1074 1420 1123 tuo
1443 1065 1522 1123 iure

328 1183 464 1260 miraris,
490 1183 576 1262 quod
604 1203 641 1244 ea
665 1193 728 1244 tam
751 1186 832 1244 levia
857 1187 989 1263 vestigia
1009 1186 1060 1244 sni
1082 1185 1221 1262 reliquit.
1261 1194 1293 1244 at
1315 1184 1469 1244 scientiae
1489 1193 1523 1241 et

327 1301 511 1363 subtilitatis
542 1306 703 1383 specimen
734 1305 831 1366 edere
854 1325 916 1365 non
941 1307 1035 1365 huius
1058 1305 1115 1363 loci
1139 1303 1208 1364 luit.
1255 1324 1325 1364 num
1350 1304 1426 1362 mihi
1450 1323 1521 1363 non

328 1423 360 1483 id
385 1425 579 1503 propositum
602 1434 686 1502 erat,
713 1436 748 1486 ut
771 1425 944 1485 doctrinam
967 1425 1231 1504 qualemcumque
1254 1424 1428 1500 traderem,
1456 1423 1522 1485 sed

328 1553 364 1604 ut
385 1544 456 1605 aliis
478 1563 586 1606 ansam
608 1545 808 1624 praeberem,
833 1565 895 1624 qua
917 1532 1073 1625 prehensa
1095 1565 1152 1605 suo
1167 1547 1263 1605 liarte
1286 1544 1422 1606 ineundo
1439 1545 1522 1605 huic

329 1667 439 1743 generi
468 1667 690 1743 quaestionum
718 1667 995 1745 grammaticarum
1024 1685 1058 1726 se
1081 1665 1245 1726 dederent.
1292 1665 1377 1746 quod
1405 1667 1432 1725 si
1463 1665 1521 1724 vel

329 1783 415 1864 apud
445 1803 560 1864 paucos
582 1787 659 1846 mihi
682 1788 867 1866 contigerit,
897 1806 959 1846 non
982 1789 1082 1847 invita
1103 1774 1242 1846 lliuerva
1265 1806 1315 1846 me
1338 1788 1438 1866 egisse
1462 1805 1522 1845 ar-

326 1903 481 1967 bitrabor.

416 2061 599 2122 scribebam
622 2063 759 2123 Berolini
784 2065 914 2124 ineunte
937 2082 1047 2123 meuse
1069 2062 1214 2122 ianuario
1236 2063 1310 2122 anni
1336 2061 1428 2122 ⁴877.

1323 2343 1361 2398 1².
1387 2344 1424 2397 G.
