3178 5188
103 289 186 352 ..99γ
603 292 761 342 Acarnania.
877 333 884 344 .
1228 295 1288 354 119

104 496 150 561 99
173 496 237 557 Pila
260 515 432 558 marmorea
457 507 580 576 reperta
603 517 631 560 a.
652 497 734 560 ⁴872
758 499 889 579 Spartae
913 501 946 558 in
970 517 1043 578 agro
1066 500 1200 579 privato.

164 695 172 706 ¹
209 663 277 730 Ἐπὶ
301 662 461 753 ἱεραπάλου
482 671 528 733 τοι
546 663 710 733 Ἀπόλλωνι
731 672 778 733 τόι
797 663 914 750 ἈΙκτίοι
929 663 1077 732 Θευδάτου
1099 675 1151 732 τυῖι
1173 664 1246 732 Σώ-

212 794 302 842 τωνος
327 767 556 857 Ἀναγκτοριέος,
589 773 778 856 γραμματέος
809 771 841 836 δὲ
870 775 910 862 τά
937 772 1039 858 {inoliti}
1071 766 1245 858 Κλεάνδρου

176 887 191 936 5
213 877 264 939 τοῦ
288 874 436 940 Λυκίσκου
457 871 683 962 declamatae,
714 872 923 963 προμνάμονος
946 875 979 940 δὲ
1002 870 1173 961 Σωπάγτρυυ
1195 881 1246 941 τοῦ

212 977 365 1052 Σωτίωνος
392 974 614 1066 Ἀνακτοριέυςγ
637 978 689 1043 καὶ
723 974 1000 1066 συμπρομναράνιυν
1029 976 1246 1065 Ἀριστάνγδρυυ

210 1086 262 1146 τοῦ
287 1077 501 1169 Ἀρχεστράτου
531 1081 694 1169 Θυρρεῖου,
715 1079 925 1169 γἈλεΕιράχου
950 1086 1002 1146 τοῦ
1026 1079 1246 1168 Καρδαρίωνος

160 1197 191 1246 10
215 1183 389 1272 ΛιγΙρναίου,
415 1185 610 1258 Φιλιστίωνος
631 1189 684 1251 τοῦ
708 1182 880 1272 Δεξάνγῧρου
897 1184 1129 1272 Ματροπολέτα,
1155 1182 1246 1270 μηνὸς

211 1283 451 1374 Κουρογτράπου,
474 1287 557 1360 ἔδοξε
579 1292 616 1374 τᾷ
639 1290 734 1374 βουλῖγ
756 1286 807 1353 καὶ
823 1294 827 1373 l
844 1293 890 1353 τόι
912 1294 1007 1353 κοινῦι
1021 1293 1076 1354 τῶν
1095 1285 1245 1374 Ἀκαρνά-

159 1403 189 1453 15
213 1415 286 1472 νων,
311 1393 469 1479 προξένους
486 1389 489 1474 l
507 1391 591 1478 εἷρεγ
606 1391 658 1457 καὶ
676 1389 833 1479 εὐεργέτας
854 1398 905 1458 τοῦ
920 1397 1021 1458 κοινοῦ
1035 1391 1045 1479 d
1057 1397 1116 1457 τῶν
1135 1390 1243 1481 Ἀκαρ-

209 1489 307 1580 νάνωγ
329 1493 406 1560 κατὰ
421 1493 470 1561 τὸν
486 1492 576 1581 νόμον
593 1492 719 1583 Γόγργγιν
731 1493 944 1588 Ἀλκαμένεος,
969 1495 1156 1580 Δαμαισίδαν
1169 1492 1243 1577 'Aul-

211 1595 371 1684 δροβάλου,
403 1595 531 1686 Λαχάρη
556 1595 725 1686 Ἐπηράτου
750 1599 1031 1684 Λακεγδαιμονέους,
1064 1596 1170 1672 αὐτοὺς
1192 1600 1244 1665 καὶ

157 1713 189 1762 20
213 1697 369 1788 ἐκγόνους,
398 1701 403 1790 Ι
428 1701 480 1767 καὶ
510 1701 591 1788 εἶμεν
623 1699 722 1776 αὐτοῖς
753 1699 922 1790 ἀοράλειαγ
952 1699 1002 1766 καὶ
1035 1699 1170 1790 ἀγγσυλίαγ
1193 1702 1244 1768 καὶ

209 1806 342 1890 πολέμου
369 1803 419 1870 καὶ
449 1801 570 1893 εἰράνας
591 1818 594 1885 l
619 1806 669 1872 καὶ
698 1810 753 1892 γᾶς
786 1806 837 1871 καὶ
867 1805 962 1878 οἰκίας
999 1805 1135 1891 ἔγκτησιν
1169 1803 1241 1883 soil

208 1907 246 1974 τά
278 1902 357 1975 ἄλλα
392 1909 475 1995 τίμια
511 1907 562 1975 καὶ
598 1906 799 1996 φιλάνθρωπα
834 1905 955 1992 πάνγτα,
1000 1904 1056 1974 ὅσα
1094 1909 1146 1974 καὶ
1181 1910 1244 1982 τοῖς

156 2024 188 2074 25
213 2005 315 2086 άλλοις
336 2014 485 2100 προξένοις
503 2021 506 2095 l
523 2011 574 2078 καὶ
601 2011 770 2100 εὐεργέταις
799 2017 851 2079 τοῦ
880 2019 981 2079 κοινοῦ
1010 2017 1067 2078 τῶν
1088 2009 1243 2100 Ἀγριαρνά-

209 2141 267 2180 νων
290 2113 429 2204 ὑπάρχει.

103 2308 210 2369 Edidit
239 2310 271 2369 S.
297 2308 333 2370 Α.
367 2309 559 2386 Cuulnunas,
595 2303 781 2391 ‘’Adpveica’
817 2310 846 2386 l,
878 2329 910 2389 p.
930 2309 990 2370 253
1013 2327 1061 2388 sq.
1096 2309 1222 2388 repetiit
1245 2308 1281 2369 G.

103 2410 296 2491 Hirschfeld,
326 2413 487 2474 ιΒιιίίονιαο
503 2413 570 2474 dell'
586 2411 732 2474 Instituta*
755 2413 847 2490 l873,
874 2432 905 2492 p.
927 2413 998 2472 486.
1046 2413 1100 2472 Est
1124 2411 1285 2474 decretum

103 2515 302 2578 Acarnanum
331 2515 474 2578 eiusdem
506 2515 572 2577 iere
602 2517 713 2578 aetatis
742 2525 837 2595 atque
868 2515 1075 2594 praecedens.
1106 2517 1285 2576 terminatio

104 2619 201 2681 dativi
235 2620 404 2699 singularis
433 2620 589 2682 secundae
620 2619 841 2681 declinationis
872 2638 997 2699 semper
1020 2639 1078 2699 per
1101 2614 1139 2680 Ol
1168 2620 1284 2698 scripta

103 2732 165 2783 est:
191 2745 237 2784 τοι
262 2723 273 2782 l
302 2722 363 2784 bis,
392 2724 441 2783 l3.
470 2716 578 2786 Ἀκτίοι
602 2725 630 2784 l.
663 2745 757 2785 κοινοι
788 2723 838 2784 43.
871 2732 966 2803 atque
996 2743 1067 2785 cum
1097 2724 1235 2803 alioquin
1261 2746 1285 2783 ω

102 2845 227 2906 semper
249 2846 307 2906 per
329 2823 354 2888 Ω
377 2828 493 2907 scripta
523 2829 564 2888 sit
592 2847 726 2907 cumque
756 2829 850 2887 aetati
880 2827 974 2888 huius
1001 2827 1084 2888 tituli
1109 2825 1283 2887 recordatio

102 2930 288 3009 antiquioris
322 2931 504 2992 literaturae
533 2932 588 2991 vix
615 2931 798 3006 conveniat,
837 2929 967 2991 sortasse
998 2931 1075 2991 haec
1107 2931 1284 2990 terminatio

100 3031 184 3112 apud
206 3031 387 3094 Acarnanes
410 3055 439 3095 οι
460 3034 531 3095 luit.
578 3042 608 3094 at
636 3035 821 3113 priusquam
845 3033 936 3112 plura
966 3041 996 3093 et
1019 3033 1160 3094 certiora·
1177 3052 1286 3094 exem-

100 3137 152 3216 pla
180 3137 274 3198 huius
305 3137 481 3218 scripturae
512 3146 638 3217 reperta
666 3145 776 3216 erunt,
813 3136 894 3197 nihil
923 3135 1002 3197 certi
1025 3134 1065 3197 de
1089 3155 1124 3196 ea
1154 3135 1286 3197 iudicari

100 3249 213 3320 potest.

583 3362 787 3370 ——---—--—·

186 3517 427 3595 Inscriptionum
460 3515 643 3576 Doricarum
677 3513 952 3596 distributionem,
994 3533 1088 3594 quam
1122 3533 1216 3594 supra
1251 3517 1282 3574 in

100 3619 197 3679 variis
221 3617 363 3680 dialectis
391 3619 586 3698 singularum
616 3629 670 3679 aut
700 3619 862 3698 regionum
892 3627 946 3679 aut
975 3620 1138 3680 civitatum
1161 3618 1283 3679 descri-

100 3721 215 3783 bendis
237 3723 337 3783 secuti
360 3740 488 3797 summ,
519 3740 582 3782 non
604 3720 645 3782 ab
667 3724 751 3782 omni
774 3731 863 3802 parte
886 3721 1076 3783 laudandam
1100 3740 1168 3783 esse
1190 3740 1285 3782 nemo

99 3825 240 3906 negabit.
273 3845 345 3887 nam
376 3844 447 3887 cum
482 3844 550 3886 eam
573 3824 664 3886 nobis
686 3834 847 3905 tamquam
870 3825 972 3904 legem
995 3826 1279 3906 proposuissemus,

99 3938 134 3990 ut
157 3929 282 4008 generis
305 3929 404 4008 magis
427 3947 521 4008 quam
544 3928 603 3988 loci
619 3925 803 3989 affinitatem
823 3937 1037 4008 spectaremus
1054 3938 1086 3989 et
1101 3929 1282 4008 inscriptio-

100 4051 156 4092 nes
179 4031 211 4093 in
236 4032 365 4093 coloniis
388 4030 514 4092 Graecis
537 4041 681 4112 repertas
704 4051 775 4093 cum
798 4033 1010 4093 monumentis
1040 4051 1147 4093 earum
1172 4033 1283 4093 civita-

97 4143 164 4195 tum
173 4181 182 4210 ,
208 4153 225 4195 a
241 4134 358 4214 quibus
374 4135 446 4194 illae
462 4134 605 4196 conditae
625 4145 748 4214 essent,
774 4137 1057 4216 coniungeremus‚
1083 4134 1164 4195 hanc
1179 4135 1281 4214 legem

98 4257 160 4298 non
184 4257 311 4318 semper
340 4239 415 4300 satis
442 4240 557 4301 acriter
586 4237 756 4301 observare
788 4241 958 4319 potuimus.
1004 4238 1048 4298 ita
1078 4235 1193 4298 iactum
1223 4247 1279 4318 est,

97 4349 133 4400 ut
155 4349 217 4402 tota
240 4351 352 4420 quarta
375 4361 448 4422 pars
471 4342 711 4423 inscriptionum
735 4343 916 4404 Doricarum
939 4341 1019 4401 nihil
1041 4341 1199 4402 contineat
1220 4343 1282 4402 nisi

98 4462 151 4504 eos
173 4444 279 4505 titulos
302 4445 501 4522 SicilienseS‚
528 4463 662 4524 quorum
679 4445 830 4508 dialectus
852 4446 892 4507 ad
914 4453 1030 4507 certam
1053 4445 1206 4524 originem
1230 4464 1283 4505 re-
