3290 5196
292 321 363 368 xvffl
792 303 974 360 Prooemium.

302 409 444 419 ——-.,-.

292 583 383 626 usum
414 565 575 630 titulorum
606 559 826 648 grammaticae
848 565 1035 646 disciplinae
1057 583 1152 627 causa
1174 563 1375 626 collectorum
1398 561 1476 622 laci-

292 685 402 749 liorem
425 686 572 753 reddant.

377 807 426 869 lV.
452 808 576 887 Restat,
609 818 644 870 ut
673 826 741 869 eam
771 817 895 887 partem
922 808 1066 868 muneris
1095 807 1157 868 mei
1181 803 1368 884 defendam,
1394 821 1476 882 quce

291 926 431 988 omnium
463 929 599 990 maxime
630 929 860 990 controversiae
891 937 993 1009 patet,
1033 926 1289 990 distributionem
1323 923 1475 984 materiae

292 1048 350 1107 hoc
372 1047 453 1108 libro
476 1050 732 1129 comprehensae.
779 1066 970 1128 quamquem
992 1050 1050 1109 boc
1076 1048 1238 1109 neminem
1260 1064 1323 1106 non
1346 1061 1477 1104 conces-

232 1171 235 1175 '
290 1185 401 1230 surum
424 1187 493 1230 esse
516 1178 605 1249 puto,
631 1170 665 1229 in
687 1167 876 1230 enarrandis
898 1166 1159 1249 inscriptionibus
1181 1185 1259 1246 non,
1284 1165 1375 1226 utin
1398 1163 1477 1225 Cor-

291 1305 368 1367 pore
383 1288 622 1370 inscriptionum
631 1289 822 1352 Graecarum
838 1288 952 1351 lactum
968 1299 1025 1367 est,
1042 1289 1118 1368 loce,
1134 1286 1251 1368 quibus
1266 1285 1408 1365 singulae
1421 1303 1478 1345 ea-

291 1425 362 1469 rum
375 1419 520 1489 repertae
536 1419 653 1490 essent,
668 1409 831 1491 sequenda
847 1409 954 1472 luisse.
985 1429 1057 1470 nam
1069 1408 1211 1470 delemus
1224 1405 1266 1468 ad
1277 1404 1477 1486 disciplinam

291 1529 526 1607 grammaticam
556 1531 727 1611 comparati
749 1550 787 1593 ea
811 1530 916 1611 regula
940 1549 1009 1591 esse
1032 1529 1161 1608 debuit,
1196 1537 1233 1590 ut
1255 1527 1338 1589 tituli
1360 1543 1477 1587 secun-

291 1646 368 1710 dum
391 1651 607 1729 cognationem
630 1650 853 1731 dialectorum,
879 1669 960 1730 quae
984 1651 1017 1712 in
1042 1651 1088 1712 eis
1110 1657 1318 1730 apparerent,
1348 1664 1476 1726 compo-

292 1777 455 1832 nerentur.
495 1779 527 1832 at
549 1789 631 1851 quae
654 1772 733 1833 ratio
756 1773 841 1832 inter
854 1772 958 1832 varias
975 1769 1126 1834 dialectos
1139 1769 1272 1830 Graecas
1288 1765 1472 1846 intercedat,

292 1907 384 1949 nemo
418 1900 483 1968 est,
520 1893 576 1972 qui
609 1891 724 1956 docere
757 1892 868 1972 possit.
915 1891 951 1952 G.
989 1890 1116 1953 Curtius
1148 1888 1277 1970 quidem
1311 1887 1477 1949 Strabonis

290 2011 508 2072 auctoritatem
530 2030 593 2073 non
616 2012 877 2075 contemnendam
900 2031 970 2074 esse
993 2021 1116 2090 censet,
1149 2012 1205 2091 qui
1233 2009 1274 2092 (p.
1300 2008 1372 2091 333)
1400 2007 1476 2069 dicit

290 2128 419 2190 Doricae
441 2132 571 2212 originis
599 2133 742 2196 civitates
771 2133 898 2195 omnino
919 2133 1044 2212 Dorice,
1077 2130 1221 2193 Aeolicae
1243 2129 1373 2210 originis
1393 2126 1475 2188 Aeo-

292 2248 350 2310 lica
380 2250 498 2313 locutas
530 2271 613 2316 esse.
660 2272 755 2334 quam
784 2255 975 2316 sententiam
1007 2253 1136 2315 Curtius
1164 2252 1311 2332 exposuit
1341 2251 1372 2310 in
1397 2249 1476 2310 actis

291 2370 446 2430 societatis
474 2372 629 2434 literariae
658 2373 867 2454 Gottingensis
900 2371 1155 2455 l‘Bemcrlturtpec
1184 2391 1245 2434 zur
1273 2368 1476 2454 priecbiscben

292 2488 552 2574 Diolclotolopt'e'),
581 2494 674 2557 loct.
700 2493 757 2556 sed
780 2494 899 2575 obstat,
925 2493 1010 2574 quod
1033 2495 1119 2573 ipsae
1142 2493 1214 2554 illae
1229 2491 1367 2571 dialecti,
1394 2508 1475 2570 quae

291 2608 466 2670 secundum
497 2613 684 2674 Strabonem
714 2633 785 2684 cum
814 2613 943 2676 Aeolida
976 2613 1091 2676 Asiana
1121 2613 1359 2693 coniungendae
1387 2621 1471 2689 sunt,

292 2730 487 2812 Thessalica,
513 2734 674 2814 Boeotica,
700 2735 803 2815 Elica,
836 2732 1006 2814 Arcadica,
1039 2735 1108 2797 eius
1137 2745 1277 2797 autnon
1300 2733 1398 2812 magis
1421 2741 1475 2794 aut

292 2849 385 2910 etiam
409 2851 513 2914 minus
535 2854 653 2916 similes
681 2865 756 2917 sunt
778 2874 875 2935 quam
895 2855 1031 2917 Doridis.
1077 2874 1151 2917 nam
1185 2854 1264 2933 duo,
1296 2873 1379 2934 qnae
1406 2871 1477 2914 ser·
1509 2845 1521 2872 '

293 2972 393 3032 monis
420 2970 560 3034 Lesbiaci
594 2975 729 3036 maxime
763 2977 892 3056 propria
919 2985 1009 3056 sunt,
1045 2975 1209 3056 productio
1242 2976 1436 3055 suppletoria
1467 2996 1479 3035 ι

293 3091 430 3152 vocalem
453 3093 633 3154 immiscens
659 3092 757 3175 (velut
771 3089 884 3167 πάντας
898 3091 958 3167 τοίς
974 3088 1148 3181 ἀνθρώποις)
1169 3105 1200 3158 et
1215 3095 1384 3176 geminatio
1399 3113 1475 3154 con-

290 3229 439 3272 sonarum
461 3212 655 3292 liquidarum
685 3224 717 3277 et
738 3218 909 3296 casalium,
941 3236 1023 3298 quae
1045 3217 1282 3278 assimulatione
1310 3216 1391 3278 facta
1413 3223 1472 3292 est,

291 3341 413 3394 servata
448 3331 544 3414 (velut
571 3331 684 3413 Εέννος,
724 3328 828 3419 βόλλα)
867 3339 899 3398 in
927 3338 1015 3400 nulla
1048 3347 1223 3399 ceterarum
1256 3335 1472 3411 dialectorum‚

292 3470 373 3532 quae
397 3451 563 3530 dicuntur,
587 3452 782 3518 Aeolicamm
807 3459 1029 3538 reperiuntur,
1060 3459 1200 3538 exceptis
1222 3459 1332 3538 paucis
1354 3455 1473 3534 formis,

294 3590 376 3652 quae
400 3574 433 3633 in
456 3571 564 3636 tabula
587 3575 672 3636 Elioa
695 3575 858 3657 Olympiae
881 3597 986 3659 nuper
1008 3587 1134 3659 reperta
1157 3587 1282 3640 exstant
1309 3568 1423 3660 (ἄλλοιρ
1440 3577 1471 3655 8,

291 3687 352 3777 rolp
374 3690 498 3777 θεαροίρ
517 3695 567 3773 lo,
592 3692 746 3780 καταξίαιρ
771 3696 836 3778 lo).
882 3717 977 3777 quam
1008 3697 1049 3759 ob
1077 3717 1143 3760 rem
1171 3717 1300 3778 vereor,
1332 3715 1373 3758 ne
1396 3697 1475 3757 llin-

292 3813 424 3876 richsius
451 3823 535 3876 recte
565 3817 681 3896 egerit,
721 3817 775 3905 qui
806 3818 839 3878 in
866 3815 1088 3880 dissertatione
1120 3818 1173 3881 ‘de
1202 3820 1382 3882 Homeristae
1410 3817 1476 3879 elc-

291 3933 426 3996 cutionis
448 3934 591 4013 vestigiis
612 3908 755 3998 Aeolicis’
790 3936 907 4018 scripta
941 3936 981 4020 (p.
1008 3940 1127 4021 8sqq.j
1156 3939 1337 4000 Kircbboflii
1366 3947 1475 4000 aumo-

292 4055 416 4116 ritatem
441 4064 569 4117 secutus
599 4056 697 4118 solam
723 4056 904 4120 Lesbiacem
933 4057 1101 4122 dialectum
1127 4058 1284 4122 Aeolicam
1312 4059 1477 4139 appellan-

292 4174 381 4250 dam,
412 4175 549 4255 reliquas
571 4185 693 4256 autem,
727 4176 767 4239 de
790 4177 909 4258 quibus
931 4179 971 4240 lis
994 4189 1059 4260 est,
1091 4181 1251 4242 alloricis
1281 4199 1342 4240 non
1365 4180 1477 4240 seiun-

291 4295 410 4374 geudas
439 4315 508 4358 esse
538 4295 699 4359 iudicavit.
740 4307 772 4358 at
800 4301 947 4377 quoniam
978 4301 1055 4362 haec
1084 4303 1237 4364 sententia
1265 4320 1376 4383 parum
1400 4318 1475 4379 per-
