3178 5188
245 353 253 376 ·
303 321 467 416 ομ,

699 321 717 369 Ι.
745 322 938 384 Ιαεοιίρθοασε
951 321 1072 369 Doricae.
1412 317 1484 380 [87—

606 410 634 416 .-
654 409 676 416 --
713 409 730 414 -
763 409 796 416 ...-
901 408 1078 414 0----—.—--
1110 406 1248 412 m-

410 521 553 610 ἀργυρίου
576 529 650 609 μνάν
673 519 836 610 τεσσάρων,
863 523 914 588 καί
930 519 982 588 τάν
998 519 1085 607 τιμάν
1102 522 1168 608 ἔχει
1181 526 1290 602 πᾶσαν,
1317 517 1426 592 καθώς
1443 525 1448 601 1

372 641 387 690 5
411 628 565 694 ἐπίστευσε
590 623 752 713 Νικομάχα
774 633 816 714 τῷ
839 629 902 713 θεῷ
924 623 976 691 τὰν
999 622 1094 707 ὠνάν,
1127 621 1183 712 ἐφ’ι
1205 618 1262 712 ᾧτε
1286 627 1450 710 ἐλευθέίρα

408 730 490 816 εἶμεν
518 730 570 795 καί
597 727 764 818 ἀνέφαπτος
788 726 846 796 ἀπὸ
868 726 984 796 πάντων
1006 726 1062 814 τδρ
1082 725 1179 794 πάντα
1203 730 1267 816 βίον
1288 729 1450 807 ποιίέουσα

407 826 425 899 ό
447 859 486 899 κα
509 835 585 920 θέλη
608 835 659 899 καί
682 831 893 921 ἀποτρέχουσα
915 831 959 906 οῖς
982 857 1020 898 κα
1043 834 1130 917 θέλη.
1165 829 1336 919 βεβαιωτλρ
1360 829 1450 914 καΙτὰ

407 934 455 1001 τὸν
483 933 572 1021 νόμον
601 943 652 1010 τᾶς
680 933 783 1010 πόλιος
806 936 976 1010 Καλλείδοις
1000 933 1161 1001 Εὐκλείδα.
1209 937 1235 1000 εί
1258 937 1291 999 δέ
1313 937 1360 1008 τίς
1384 943 1448 1015 καί

411 1033 541 1126 ἀπτηται
558 1041 583 1105 Ν
588 1037 737 1128 ικομάχας
753 1041 801 1107 ἐπί
819 1043 1060 1126 καταδουλισμῷ,
1089 1041 1211 1127 βέβαιον
1225 1035 1425 1126 παρεχόντων
1443 1047 1447 1122 ί

357 1157 388 1206 10
410 1149 452 1230 τῷ
475 1147 538 1231 θεῷ
560 1143 612 1210 τάν
636 1142 714 1210 ὠνάν
735 1137 753 1209 θ
775 1170 807 1210 τε
830 1141 1011 1229 ἀποδόμενος
1032 1145 1143 1216 Λυσίας
1159 1139 1328 1229 Εδφρονίου
1353 1142 1407 1207 καὶ
1432 1141 1450 1207 ὃ

410 1245 589 1335 βεβαιΙωτήρ
612 1247 781 1321 Καλλείδας
804 1243 881 1312 κατά
908 1245 957 1313 τὸν
985 1242 1074 1336 νόμον
1104 1252 1157 1319 τᾶς
1178 1242 1298 1318 πόλιος·
1329 1248 1448 1331 ὁμοίως

410 1351 443 1415 δὲ
471 1351 521 1415 καί
550 1353 579 1415 οί
608 1347 892 1437 παλρατυγχάνοντες
916 1345 1014 1437 κόριοι
1037 1345 1144 1416 ἐόντων
1168 1351 1319 1422 συλέοντες
1345 1349 1447 1413 Νικο-

409 1450 509 1541 μάχάν
538 1453 578 1527 ὡς
601 1457 772 1541 ἑίλευθέραν
800 1457 907 1520 ἐοῦσαν
930 1451 1053 1538 ἀζάμιοι
1075 1448 1172 1526 ἐόντες
1195 1453 1245 1518 καί
1269 1448 1450 1517 ἀνυπόδικοι

406 1555 504 1632 πάσας
527 1559 611 1632 δίκας
628 1557 631 1643 ί
648 1558 698 1623 καί
721 1561 840 1644 ίαμίας.
887 1555 1033 1645 μάρτυροι
1055 1560 1083 1622 οί
1107 1558 1196 1644 ἱερεῖς
1218 1563 1269 1621 τοῖν
1287 1551 1447 1622 Ἀπόλλω-

356 1674 387 1724 15
410 1687 458 1735 νος
482 1662 631 1749 Πραξίας,
653 1658 852 1749 Ἀνδρόνικος,
875 1663 946 1742 λκαί
969 1663 997 1727 ολ
1021 1655 1162 1749 ἀρχοντες
1185 1653 1326 1742 Εάδοκος,
1349 1658 1446 1746 Ἀγη-

408 1768 526 1848 σίλαος,
560 1765 709 1848 Γλαῦκος,
742 1766 793 1830 καί
823 1767 941 1832 ίδιῶται
968 1765 1099 1851 Μέίνλης,
1121 1762 1329 1851 λΦιλοκράτης
1361 1764 1446 1829 Θευ-

407 1866 552 1956 φράστου,
576 1867 769 1956 Ἀνδρομένης
786 1871 978 1957 Θεωδωρίδα,
1005 1870 1105 1935 Ξένων
1121 1869 1273 1950 Ξένωίνος,
1288 1865 1448 1955 Ἀριστίων

408 1969 589 2059 Νικάνδρου,
615 1970 800 2060 Τιμόκριτος,
827 1970 1002 2046 Εὐκλείδας.

299 2165 379 2228 Edd.
406 2167 441 2226 E.
468 2167 593 2227 (λοκτιυε
614 2165 675 2226 λιι.
700 2168 736 2227 Ι).
764 2169 793 2228 λ.
833 2169 971 2229 Rufina
994 2168 1067 2227 908.
1115 2167 1301 2245 Exemplum
1325 2175 1374 2228 est
1396 2167 1488 2227 eius-

300 2268 372 2332 dem
395 2271 522 2350 generis
544 2279 639 2349 atque
663 2269 695 2331 id
718 2270 802 2351 quod
825 2269 996 2334 antecedit.

300 2611 346 2677 88
368 2613 497 2695 Delphis
520 2615 553 2675 in
576 2635 665 2677 muro
687 2615 864 2696 polygonio.

402 2795 561 2889 Ἀρχοντος
577 2802 786 2887 Δαμοσθένεος
810 2798 900 2888 μηνὸς
916 2801 1098 2888 Ποιτροπίου
1121 2801 1169 2868 ἐπὶ
1192 2803 1287 2874 τοῖςδε
1309 2799 1444 2886 ἀνέθηκε

403 2905 594 2978 Ἀλκέσιππος
611 2905 615 2983 ί
632 2901 780 2992 Βοοθήρα
800 2902 994 2977 Καλυδώνιος
1016 2911 1058 2992 τῷ
1080 2905 1144 2992 θεῷ
1166 2905 1216 2969 καὶ
1239 2911 1276 2990 τᾷ
1297 2901 1383 2970 πόλει
1403 2912 1443 2991 τᾷ

409 3010 533 3096 Δελφῶν
556 3015 685 3095 χρυσοῖς
708 3006 812 3074 ἑκατὸν
834 3005 1001 3096 τριίάκοντα
1023 3008 1074 3074 καί
1097 3006 1240 3095 ἀργυρίου
1258 3015 1330 3093 μνᾶς
1345 3005 1443 3073 εἴκοσι

406 3109 459 3179 δόο
483 3119 631 3199 στατῆρας
653 3109 829 3199 τριάκοντα,
856 3110 885 3178 εί
904 3115 933 3177 τί
954 3137 992 3177 κα
1014 3108 1099 3197 πάθη
1118 3109 1337 3193 λἈλκέσιππος,
1364 3103 1440 3185 ὥςτε

406 3217 512 3282 θυσίαν
541 3215 592 3282 καί
621 3218 815 3302 δαμοθοινίαν
844 3218 992 3282 συντελεῖν
1019 3212 1072 3281 τάν
1100 3211 1184 3281 πόλιν
1213 3222 1271 3280 τῶν
1294 3206 1415 3303 Δελφῶν
1430 3214 1442 3302 ΙΙ

366 3333 381 3382 5
404 3325 446 3408 τῷ
465 3316 628 3386 Ἀπόλλωνι
649 3325 691 3408 τῷ
711 3320 819 3408 Πυθίῳ
842 3319 907 3386 κατ’
936 3317 1080 3401 ἐνιαυτόν,
1105 3314 1438 3405 ποτονομάζοντεςἈλ-

405 3426 562 3490 κεσίππεια
591 3421 649 3489 ἀπὸ
673 3432 676 3507 ί
700 3431 755 3489 τῶν
784 3421 878 3491 τόκων
907 3431 959 3491 τοῦ
988 3450 1019 3489 τε
1047 3427 1173 3510 χρυσίου
1202 3424 1252 3489 καί
1283 3421 1435 3510 ἀργυρίου,

406 3531 552 3593 συντελεῖν
582 3527 615 3592 δὲ
637 3524 690 3593 τάν
713 3529 819 3593 θυσίαν
842 3533 873 3594 ἐν
896 3535 938 3616 τῷ
953 3525 1073 3614 Ἡραίῳ
1095 3534 1098 3608 λ
1122 3529 1201 3613 μηνί,
1227 3523 1383 3594 πονπεόειν
1406 3527 1439 3593 δὲ

405 3637 439 3698 ἐκ
467 3638 519 3705 τᾶς
542 3623 639 3705 ἀλωος
661 3628 729 3705 τοὺς
753 3633 840 3717 ἱερεῖς
863 3637 914 3696 τοῦ
933 3629 1116 3704 Ἀπόλλωνος
1138 3631 1189 3695 καί
1211 3628 1260 3695 τὸν
1284 3625 1435 3717 ἀρχονταί

405 3735 456 3800 καί
484 3731 551 3809 τοὺς
578 3731 733 3822 πρυτάνεις
755 3736 806 3800 καί
828 3731 896 3807 τοὺς
918 3727 1026 3808 ἀλλους
1048 3736 1170 3808 πολίτας
1192 3731 1314 3807 πάντας.
1361 3731 1436 3799 ἀνα-

403 3835 564 3926 γραψάντω
587 3839 619 3905 δὲ
642 3841 670 3904 οἱ
694 3831 844 3926 ἀρλχοντες
867 3842 898 3904 ἐν
921 3845 963 3925 τῷ
980 3840 1061 3926 ἱερῷ,
1087 3838 1138 3902 καί
1156 3833 1174 3902 ά
1191 3833 1335 3910 ἀνάθεσις
1351 3838 1439 3923 κυρία

354 3955 385 4005 10
407 3944 494 4009 ἔστω.
523 3942 594 4009 ’καί
623 3939 660 4007 τά
690 3935 768 4008 ἀλλα
795 3939 892 4009 πάντα
920 3938 957 4007 τά
985 3940 1087 4007 ῖδιαλ
1105 3990 1224 4004 .....
1247 3938 1434 4026 λάνατίθητι,

405 4044 435 4111 εἴ
461 4047 490 4111 τί
516 4071 555 4112 κα
584 4041 687 4130 πάθη,
721 4053 763 4134 τῷ
792 4049 855 4134 θεῷ
883 4047 992 4132 καὶντᾷ
1021 4041 1107 4110 πόλει
1136 4045 1187 4109 καί
1209 4044 1357 4130 θευτίμαν
1386 4039 1438 4126 τάν

407 4151 484 4215 ἰδίαν
502 4150 505 4236 ί
523 4146 725 4237 θεράπαιναν,
759 4141 832 4222 ὥςτε
861 4151 1026 4237 ἐλευθέραν
1056 4148 1137 4233 εἶμεν
1161 4144 1269 4230 αὐτόν,
1302 4145 1332 4212 εἴ
1351 4149 1379 4211 τί
1401 4171 1439 4212 κα

405 4249 501 4338 πάθη.
548 4247 693 4340 θαψάντω
717 4253 749 4318 δὲ
772 4247 930 4337 Δάμιππος
947 4259 950 4332 λ
968 4253 1019 4317 καί
1042 4251 1173 4337 Θευτίμα
1194 4251 1246 4316 καὶ
1264 4249 1368 4338 Ἀγίας
1388 4251 1439 4332 καί

405 4354 549 4429 Πισίλαος
572 4353 630 4421 ἀπὸ
652 4360 710 4420 τῶν
726 4358 859 4443 χαλκῶν,
884 4361 942 4421 τῶν
965 4351 1183 4440 καταλιμπάνει
1203 4352 1285 4441 παίρ’
1312 4345 1366 4427 αἶνς
1381 4351 1438 4418 αθ-

401 4453 470 4540 τόν,
503 4459 554 4524 καί
581 4455 668 4546 λόγον
700 4455 853 4525 ἀποδόντω
881 4463 918 4544 τᾷ
940 4454 1037 4524 πόλει.
1084 4453 1230 4544 μάρτυροι
1251 4453 1429 4544 Κριτόλαος,
