3238 5198
628 342 809 390 Prooemium.
1264 359 1316 400 x111

127 597 259 660 Aeolum
282 595 471 658 Asianorum
502 595 726 659 continendam
756 595 854 658 luisse
883 597 1043 657 neminem
1066 616 1128 658 non
1152 617 1318 661 conoessu-

130 738 199 780 rum
224 737 294 778 esse
317 725 406 797 puto.
453 736 526 777 nam
551 733 742 795 quamquam
767 734 829 776 non
851 718 943 796 pauci
967 725 1052 792 sunt,
1079 717 1134 796 qui
1154 716 1317 780 Strabonis

127 839 314 900 auctoritate
343 835 476 917 probata
506 836 670 896 civitatum
692 833 890 897 Aeolioarum
921 836 1014 897 etiam
1042 836 1211 898 dialectum
1233 836 1317 898 Aeo-

127 959 220 1018 licam
244 955 341 1018 luisse
365 956 564 1033 existimant,
597 972 732 1033 quorum
756 954 909 1015 iudicium
932 954 1017 1033 quod
1041 956 1109 1034 ipse
1133 975 1260 1036 quoque
1284 959 1317 1019 in

130 1075 353 1138 distribuenda
383 1075 516 1136 materia
541 1075 637 1135 huius
660 1073 734 1134 libri
756 1084 884 1135 secutus
907 1093 995 1154 sum,
1028 1075 1109 1136 inira
1133 1075 1315 1154 defendam,

127 1206 234 1258 tamen
265 1214 405 1274 eaquae
436 1194 633 1274 grammatici
656 1203 782 1254 veteres
805 1191 845 1254 de
868 1192 1001 1255 dialecto
1026 1192 1151 1256 Aeolica
1175 1196 1318 1258 tradide-

130 1325 207 1376 runt
234 1314 275 1375 ad
306 1316 402 1376 solam
424 1314 572 1376 Asianam
594 1311 757 1374 Aeolidem
786 1323 931 1392 spectare
963 1331 1055 1374 nemo
1078 1333 1141 1374 non
1164 1317 1315 1395 agnoscit.

130 1437 162 1496 in
193 1433 310 1514 quibus
341 1443 416 1494 sunt
445 1434 531 1513 leges
561 1433 600 1495 de
630 1442 781 1511 accentu,
818 1451 897 1512 quas
924 1431 1068 1512 Ahrens,
1108 1433 1195 1495 ‘dial
1220 1432 1319 1498 Aeol!

129 1575 162 1634 p.
183 1555 304 1633 tosqq.
332 1554 492 1614 enarravit
515 1563 546 1614 et
568 1553 750 1614 illustravit.
798 1552 972 1614 secundum
996 1571 1049 1613 eas
1065 1555 1209 1633 exceptis
1224 1574 1320 1634 prae-

129 1671 341 1753 positionibus
364 1681 395 1734 et
417 1671 692 1734 coniunctionibus
715 1673 818 1733 omnia
841 1671 1006 1751 vocabula,
1034 1691 1115 1751 quae
1138 1675 1169 1733 in
1195 1675 1319 1754 reliqua

128 1794 236 1873 lingua
267 1793 386 1853 Graeca
415 1801 579 1853 accentum
610 1793 642 1852 in
672 1792 782 1854 ultima
811 1790 930 1872 syllaba
959 1791 1095 1870 habent,
1131 1812 1203 1854 eum
1234 1795 1320 1874 apud

128 1913 242 1973 Aeoles
257 1913 423 1973 retrahunt
439 1921 493 1973 aut
509 1913 541 1972 in
557 1912 785 1991 paenultimam
800 1923 854 1972 aut
870 1912 903 1971 in
919 1913 1232 1992 antepaenultimam.
1259 1933 1321 1993 qua

130 2033 251 2094 ratione
274 2033 333 2092 hoc
355 2032 388 2091 in
410 2031 544 2110 singulis
561 2029 669 2091 formis
685 2030 801 2093 factum
818 2033 868 2108 sit,
887 2028 1063 2092 Ahrensius
1079 2033 1100 2092 l.
1120 2031 1141 2091 l.
1161 2035 1317 2112 exposuit.

221 2153 319 2212 multo
342 2150 500 2212 difficilior
522 2150 685 2230 descripto
709 2160 757 2211 est
772 2159 885 2212 natura
900 2161 1049 2213 accentus
1063 2152 1177 2212 Dorici.
1215 2171 1321 2232 gram-

131 2273 317 2332 maticorum
349 2270 546 2349 testimonia,
580 2289 661 2349 quae
685 2269 725 2331 de
749 2289 785 2330 eo
810 2280 945 2345 exstant,
971 2268 1098 2331 Ahrens
1124 2270 1209 2332 ‘dial
1234 2273 1319 2334 Dor.’

130 2412 163 2471 p.
183 2393 301 2470 26sqq.
336 2389 473 2469 collegit.
521 2388 578 2450 sed
606 2391 793 2469 priusquam
824 2409 863 2450 ex
892 2391 939 2450 eis
967 2400 1069 2450 certas
1092 2391 1242 2469 quasdam
1269 2412 1322 2454 re—

130 2511 221 2591 gulas
250 2517 414 2589 excerptas
443 2509 505 2570 huo
535 2508 685 2587 referam,
719 2508 937 2588 quaerendum
966 2519 1030 2587 est,
1065 2527 1127 2588 qua
1151 2512 1182 2571 vi
1205 2531 1321 2574 nomen

131 2630 332 2691 Doriensium
365 2631 397 2689 in
422 2631 467 2690 eis
490 2638 677 2708 usurpatum
702 2631 752 2692 sit.
801 2638 833 2690 et
855 2627 940 2709 apud
964 2638 1091 2690 veteres
1114 2631 1244 2708 quidem
1268 2651 1321 2692 ca-

131 2752 254 2830 talogus
277 2767 386 2810 earum
409 2747 627 2828 dialectorum,
653 2767 734 2828 quae
751 2749 876 2810 Doridis
897 2751 1025 2810 nomine
1049 2751 1322 2828 comprehendan-

132 2879 195 2948 tur,
220 2887 378 2948 nusquam
402 2870 572 2948 reperitur.
613 2887 650 2929 ea
672 2879 789 2948 autem,
815 2886 896 2948 quae
920 2868 960 2929 ab
974 2869 1132 2930 Ahrensio
1154 2872 1320 2932 constituta

132 2997 163 3050 et
186 3007 204 3048 a
227 2989 388 3068 plerisque
411 2988 490 3049 viris
513 2987 613 3049 doctis
634 2987 767 3068 proheta
791 2998 855 3066 est,
881 2989 1007 3067 partitio
1029 2989 1156 3050 Doridis
1179 2992 1319 3051 severio-

131 3110 177 3168 ris
207 3116 238 3168 et
260 3109 394 3168 mitioris
423 3109 486 3168 sola
515 3108 773 3187 pronuntiatione
802 3108 957 3168 vocalium
985 3109 1101 3168 nititur
1126 3128 1232 3188 neque
1256 3111 1320 3171 ullo

131 3227 223 3289 modo
254 3225 294 3287 ad
324 3228 477 3287 rationem
511 3237 658 3288 accentus
689 3228 838 3307 pertinet.
886 3227 954 3307 ipse
986 3228 1069 3287 enim
1103 3247 1320 3308 quoscumque

132 3347 241 3408 titulos
263 3346 357 3407 alicui
380 3346 497 3426 speciei
520 3345 645 3407 Doridis
667 3346 831 3422 attribuit,
867 3365 920 3407 eos
943 3346 1118 3408 secundum
1142 3349 1211 3408 illas
1234 3350 1320 3430 leges

132 3467 238 3528 Dorici
269 3474 417 3526 accentus
445 3465 631 3526 scribendos
662 3484 731 3526 esse
755 3467 887 3546 putavit.
929 3465 986 3527 sed
1009 3465 1141 3528 fortasse
1164 3468 1238 3529 huic
1260 3486 1323 3531 nu-

131 3605 220 3648 mero
251 3584 417 3646 eximenda
447 3593 522 3646 sunt
552 3585 745 3664 exemplaria
775 3584 901 3646 Doridis
929 3588 1204 3666 septentrionalis,
1238 3608 1319 3668 quae

133 3706 253 3768 dieitur
275 3705 428 3766 dialectus
443 3705 644 3766 Doriensium
668 3705 751 3766 inter
767 3705 918 3766 Isthmum
942 3715 974 3767 et
989 3707 1213 3788 Thermopylas
1230 3708 1321 3769 habi-

131 3826 280 3886 tantium.
327 3843 400 3884 nam
429 3843 466 3885 ea
496 3842 567 3884 cum
597 3823 630 3883 in
659 3824 874 3904 compluribus
906 3824 1004 3887 rebus
1026 3845 1043 3886 a
1066 3829 1223 3888 communi
1252 3847 1321 3889 ser-

133 3963 226 4006 mone
249 3945 360 4004 Dorico
382 3942 568 4021 abhorreat,
593 3953 660 4004 tum
684 3963 746 4004 non
770 3945 880 4023 paucis
902 3947 1058 4006 consentit
1081 3965 1151 4007 cum
1175 3946 1319 4008 dialectis

134 4065 294 4141 finitimis,
328 4082 409 4142 quae
432 4062 574 4124 Aeolicae
597 4062 798 4146 dicuntur²);
836 4064 944 4143 itaque
967 4083 1024 4144 ego
1047 4084 1143 4127 ausus
1165 4085 1227 4126 non
1251 4085 1320 4128 snm

221 4324 246 4380 Ξ)
270 4318 397 4369 Doridem
422 4320 660 4384 septentrionalem
688 4321 798 4384 propria
821 4322 979 4385 quaestione
1006 4324 1132 4371 tractavit
1154 4322 1320 4372 Reinholdus
