3290 5196
680 323 701 370 l.
727 322 921 387 [ascriptiones
934 323 1055 374 Doricae.
1421 320 1463 381 [43

389 517 469 596 ’άπως
498 519 692 612 εὐσχημόνως
721 524 772 590 καὶ
799 520 947 598 εὐτάκτως
976 521 1031 592 ὑπὸ
1053 531 1112 591 τῶν
1133 525 1423 611 παραγεγενημένων

391 621 488 692 πάντα
520 627 656 712 γίνηται,
692 625 795 700 καθιάς
824 622 859 701 ἂν
880 634 884 707 ί
903 630 1148 715 παραγγέλλωντι
1180 629 1209 692 οἱ
1237 625 1285 691 ἐπὶ
1312 622 1423 691 τούτων

392 732 576 816 τεταγμένοι,
600 729 668 805 τοδς
684 731 717 796 δέ
739 727 971 818 ἀπειθοῦνταςῆ
995 729 1134 819 ἀπρεπῶς
1151 727 1425 818 ἀναστρεφομένους

362 879 365 886 -
395 829 607 919 μαστιγοιίντω.
655 828 690 899 ἀν
722 835 755 899 δέ
784 860 827 908 τις
849 841 907 900 τῶν
931 830 1133 923 ραίβδυφάρων
1158 832 1198 920 μη
1221 835 1300 898 ποιεῖ
1322 829 1425 905 καθὼς

392 937 558 1023 γέγραπται
579 931 599 1023 ἢ
623 930 697 1004 ἀλλο
719 963 748 1003 τι
770 935 868 1003 ἀδικεῖ
889 933 908 1024 ἢ
931 940 1010 1004 ποιεῖ
1032 935 1080 1003 έπί
1101 933 1263 1003 καταλύσει
1283 943 1339 1004 τῶν
1364 962 1425 1022 μυ-

343 1054 375 1103 45
399 1041 535 1129 στηρίων,
562 1040 675 1128 κριθείς
697 1040 822 1108 ἐπὶτῶν
848 1044 946 1130 ἱερῶν,
972 1037 1007 1107 ἀν
1030 1043 1224 1129 κατακριθεῖ,
1250 1038 1289 1127 μη
1310 1041 1315 1126 1
1335 1066 1426 1126 μετε-

395 1146 475 1233 χέτω
504 1147 562 1210 τῶν
591 1145 768 1232 μυστηρίων.
793 1183 837 1193 -—
859 1143 933 1233 Περὶ
960 1151 1019 1210 τῶν
1048 1142 1219 1233 διαφόρων·
1250 1142 1287 1209 τά
1317 1145 1350 1209 δὲ
1372 1144 1427 1208 πί-

393 1272 502 1313 πτοντα
521 1243 653 1336 διάφορα
668 1251 771 1315 ἐκτῶν
788 1249 956 1336 μυστηρίων
972 1245 1135 1335 ἐγλεγόντω
1151 1251 1179 1313 οί
1194 1249 1429 1321 κατασταθέντες

396 1347 451 1416 ὑπὸ
471 1355 477 1432 Ι
495 1357 547 1417 τοῦ
576 1349 672 1438 δάμου
699 1353 796 1418 πέντε.
843 1349 1019 1440 είςφερόντω
1043 1351 1076 1416 δέ
1098 1353 1126 1416 οἱ
1150 1344 1291 1438 ἀρχοντες
1315 1346 1430 1435 ἀνάνκα

382 1450 521 1535 πάντες,
554 1453 594 1542 μη
625 1453 667 1530 δίς
695 1452 762 1529 τοὺς
792 1452 918 1535 αιἰτοάς,
949 1455 1065 1542 τίμαμα
1094 1456 1204 1543 ἔχοντα
1232 1457 1356 1519 ἕκαστον
1388 1451 1428 1540 μη

309 1573 310 1576 ’
396 1557 522 1624 ἔλασσον
556 1555 728 1640 ταλάνΙτου,
764 1557 815 1624 καί
841 1563 900 1625 τῶν
927 1560 1172 1624 κατασταθέντων
1202 1553 1429 1645 παραγραψάτω

399 1658 418 1726 ἁ
440 1663 580 1749 γερουσία
601 1660 634 1728 τὸ
656 1664 790 1748 τίμαμα,
816 1658 956 1752 ὡσαάτως
980 1662 1012 1727 δέ
1034 1661 1085 1727 καί
1106 1659 1139 1727 τὸ
1160 1667 1217 1726 τῶν
1241 1657 1430 1747 εἰςενεγκάν-

398 1790 467 1830 των.
514 1769 574 1840 τοῖς
598 1767 630 1832 δὲ
653 1763 872 1854 έγλογευόντοις
890 1768 894 1852 Ι
910 1764 947 1832 τά
971 1762 1103 1854 διάφορα
1118 1765 1323 1852 λειτουργείτω
1338 1761 1354 1830 δ
1371 1762 1430 1852 ἀρ·
1472 1805 1480 1818 ,

397 1867 589 1956 γυροσκόπος.
636 1865 706 1936 δταν
730 1869 763 1936 δὲ
785 1871 970 1936 έπιτελεσθεῖ
990 1867 1027 1935 τά
1051 1866 1215 1957 μυστήρια,
1242 1865 1429 1956 ἀπολογισά-

398 1974 519 2039 σθωσαν
552 1970 710 2060 ἐμπάντοις
743 1977 774 2039 έν
805 1979 842 2060 τηιΙ
874 1969 975 2061 πρώτη
1008 1969 1152 2060 συνγνόμιρ
1186 1979 1345 2058 συναγωγᾷ
1376 1977 1431 2038 τῶν

400 2079 568 2166 συνέδρων·
592 2077 644 2144 καί
665 2076 783 2167 γραφάν
808 2074 961 2143 ἀποδόντω
985 2080 1028 2164 τῷ
1049 2080 1213 2163 ἐπιμελητᾷ
1229 2080 1429 2164 παραχρῆμα,

347 2193 380 2241 50
402 2177 565 2267 γράφοντες
592 2180 641 2247 ἐπ’
674 2176 819 2269 ἀνάματος
847 2179 884 2247 τά
913 2177 1087 2247 πεπτωκότα
1115 2176 1266 2267 διίάίίφορα
1295 2177 1352 2245 ἀπὸ
1382 2185 1433 2245 τοῦ

401 2285 560 2372 καθαρμοῦ
589 2283 638 2351 καί
666 2283 723 2351 ἀπὸ
753 2291 812 2351 τῶν
843 2289 1054 2373 πρωτομυστάν
1082 2281 1114 2350 τὸ
1142 2279 1354 2362 θποστατικέν,
1384 2282 1435 2349 καὶ

403 2381 438 2453 ἄν
460 2414 489 2452 τι
511 2382 585 2455 ἀλλο
607 2391 706 2465 πέσει,
739 2388 791 2454 καί
812 2386 865 2454 τάν
887 2390 1088 2475 γεγενημέναν
1111 2389 1222 2466 ἔξοδον,
1247 2385 1297 2452 καὶ
1317 2382 1376 2472 (δίει
1399 2383 1433 2453 ἀν

402 2490 432 2556 εἷ
448 2494 453 2576 Ι
472 2489 594 2572 λοιπόν,
629 2492 679 2558 καί
710 2489 924 2581 ἀριθμησάντω
953 2497 1139 2580 παραχρῆμα
1167 2495 1210 2578 τῷ
1239 2492 1349 2577 ταμίογ,
1385 2489 1435 2557 καὶ

400 2594 533 2661 ἔστωσαν
557 2593 756 2684 θπάμαστρυι,
783 2590 819 2662 άν
842 2622 870 2662 τι
892 2592 1085 2684 εὖρίσκωνται
1107 2594 1296 2674 ἀδικοῦντες,
1322 2598 1434 2661 διπλα-

402 2697 467 2762 σίου
495 2696 546 2763 καὶ
576 2700 721 2785 ἐπιτιμίου
742 2701 746 2788 ί
764 2701 915 2787 [δραχμίᾶν
937 2701 1064 2788 [χι]λιάν,
1097 2697 1148 2764 καὶ
1171 2701 1199 2764 οἱ
1221 2688 1374 2782 δικίασταί
1387 2697 1433 2785 μ]η

403 2797 593 2895 ἀφαιρούντω
624 2804 730 2889 μηθέν.
778 2805 805 2868 οἱ
834 2802 867 2868 δὲ
896 2805 927 2868 ἐν
956 2807 999 2891 τῷ
1026 2804 1149 2890 πέμπτῳ
1175 2799 1225 2867 καί
1247 2809 1436 2889 πεντηκοστῷ

298 2917 391 2968 53:55
407 2900 467 2969 ἔτει
488 2908 700 2991 κατεσταμένοι
722 2903 920 2979 έξοδιασάντω
942 2905 992 2972 καί
1007 2901 1247 2994 Μναγίσισμράττρ
1262 2903 1295 2972 τὸ
1311 2903 1436 2992 διδόμε-

405 3032 454 3074 νον
478 3005 621 3097 διάφορυν
646 3013 687 3084 είς
709 3008 759 3076 τὸν
783 3013 928 3098 στέφανον
951 3007 1006 3076 ὑπὸ
1026 3013 1091 3094 [τῶν
1108 3011 1274 3097 συνέίδρων,
1301 3008 1439 3098 δραχμάς

296 3116 392 3176 '54:56
407 3113 632 3200 ἑξακισχίιλίίας.
680 3111 833 3179 ἀποδόντω
856 3114 889 3180 δὲ
911 3121 953 3200 τῷ
975 3115 1067 3201 ταμίογ
1082 3111 1132 3179 καὶ
1147 3109 1204 3179 ὅσα
1219 3139 1258 3178 κα
1274 3113 1303 3178 εἶ
1314 3117 1317 3199 ί
1328 3116 1437 3201 [πρίσε-

405 3216 592 3301 ξωδιασμένα
620 3213 750 3304 διάφορα
780 3213 835 3282 θπὸ
864 3221 915 3282 τοῦ
945 3218 1053 3303 ταμίου
1073 3219 1112 3301 [έν
1135 3214 1229 3304 τούτῳ
1250 3221 1293 3304 τῷ
1315 3217 1375 3282 ἔτει
1397 3218 1439 3290 είς

404 3315 449 3402 τά]
470 3316 736 3406 έπισκείυα]ίο’μενα
759 3323 789 3386 έν
813 3325 855 3408 τῷ
878 3318 1066 3408 Καρνείασίιρ
1081 3314 1101 3405 ἢ
1118 3315 1329 3405 δαπανοάμενα
1350 3316 1438 3406 χάριν

407 3428 465 3488 τῶν
490 3423 670 3510 μυστηρίων.
716 3420 749 3488 τὸ
774 3423 813 3507 δίέ
835 3421 938 3491 λοιπὸν
961 3427 1071 3489 ἐκτῶν
1095 3427 1181 3497 σάτες
1198 3419 1357 3510 διαφόρων]
1371 3425 1439 3495 ἐξο-

407 3521 577 3608 διαζάντίω,
608 3521 679 3592 θ’ταν
708 3528 950 3606 κατασταθῶντι,
982 3529 1023 3600 είς
1045 3524 1090 3610 τὰ]
1111 3522 1387 3612 έπισκείυαίίζόμενοι
1409 3529 1440 3591 ἐν

406 3633 449 3716 τῷ
483 3627 676 3718 Καρνεασίιρ,
712 3628 762 3696 καί
795 3623 831 3696 ἀν
864 3655 942 3704 τινος
975 3631 1019 3696 ’έτι
1050 3630 1137 3719 χρεία
1171 3629 1200 3695 εἷ
1224 3627 1296 3713 [ποτὶ
1324 3625 1376 3703 τὰς
1408 3632 1442 3694 ἐκ

406 3728 516 3799 τούτων
539 3730 704 3817 πίοθόδους,
729 3730 863 3821 φερόντω
883 3731 1046 3822 γράφοντες
1062 3736 1175 3820 ρηίτῶς,
1200 3735 1249 3817 εἰς]
1267 3725 1286 3798 δ
1303 3727 1338 3798 ἀν
1354 3733 1442 3821 χρεία

409 3836 454 3917 εί,
486 3836 537 3902 καί
566 3839 594 3902 οἱ
624 3830 786 3925 ἀρχίονητες
814 3835 865 3903 καί
887 3840 914 3903 οἱ
937 3834 1073 3925 σάνεδροι
1096 3836 1440 3924 δογματαποιείσθωσαν,

409 3937 455 4007 ὅτι
484 3943 530 4007 δεῖ
558 3939 607 4006 τὸν
639 3941 753 4027 ταμίίαν
776 3938 907 4028 ἐγδάμμν
929 3939 966 4007 τά
990 3939 1138 4030 διάφορα,
1171 3937 1229 4006 ἀπὸ
1253 3941 1286 4006 δὲ
1308 3945 1366 4006 τῶν
1388 3967 1442 4006 πι-

357 4059 390 4109 6⁰
411 4041 540 4111 πτάντων
570 4047 603 4110 ἐκ
631 4051 689 4110 τῶν
721 4046 888 4132 μυστηρίων
920 4042 1194 4130 ἀποκαθίιηστάσθω
1224 4048 1267 4133 τῷ
1294 4045 1386 4131 ταμία
1407 4043 1444 4110 τά

410 4145 552 4238 διάφορα.
599 4148 650 4214 καί
673 4145 826 4215 ἀποδόντω
850 4147 968 4237 γραφὰν
990 4156 1033 4237 τῷ
1055 4151 1229 4236 ἐπιμελητηι,
1255 4147 1322 4234 περί
1344 4142 1382 4213 ὧν
1405 4174 1444 4213 κα

413 4250 619 4340 διοικησωντι,
652 4252 703 4318 καί
732 4252 864 4318 ἔστωσαν
895 4249 1095 4340 θπάμαστροι,
1128 4245 1164 4317 ἀν
1193 4277 1222 4317 τι
1253 4247 1443 4338 ἀδικησωντι,

411 4355 523 4444 καίθιδς
551 4354 651 4424 ἐπάνω
678 4358 858 4444 γέγραπται·
890 4354 906 4423 δ
930 4357 962 4422 δὲ
992 4357 1101 4442 ταμίας
1122 4347 1193 4422 θεον
1215 4379 1255 4420 κα
1276 4351 1447 4443 παραλάβει

411 4457 554 4550 διάφορον
584 4458 685 4528 λοιπὸν
716 4464 751 4526 ἐκ
778 4455 908 4541 τούτων,
942 4461 1095 4550 γραφέίτμυ
1124 4461 1155 4525 ἐν
1187 4455 1374 4547 θπεχθέματι
1403 4460 1445 4532 είς
