3172 5198
542 338 670 401 Cyrenue.
713 337 851 403 Calymna.

575 589 609 656 4.
632 589 808 674 Calymna.

103 745 149 812 69
175 747 337 830 [=267⁴]
386 751 461 825 Iasi,
493 748 534 811 ad
562 750 713 810 Isthmum
742 750 775 809 in
805 749 935 812 ecclesia
979 752 1122 831 ruinosa,
1158 751 1282 814 tabulae

168 860 293 914 sanctae
315 855 381 914 Ιουο
403 853 538 933 positum
564 871 708 913 marmor.
756 855 887 915 Βυκοιιιι.

207 1047 326 1139 [Ἔδλοξε
348 1060 384 1141 τᾷ
407 1057 501 1142 βουλᾷ
522 1052 573 1120 καί
594 1059 636 1143 τῷ
660 1051 762 1143 δάμῳ,
786 1054 893 1143 γνυίμα
913 1061 1096 1144 προοτατᾶν·
1121 1055 1239 1144 ἐπειδὴλ

161 1169 195 1218 30
210 1155 233 1241 [ὁ
257 1160 357 1244 δλᾶμος
384 1155 400 1222 ὃ
421 1153 545 1224 Ἰασέων
568 1157 599 1221 ἔν
628 1184 659 1224 τε
681 1161 742 1232 τοῖς
764 1155 904 1246 πρότερον
931 1156 1051 1247 χρόνοις
1074 1153 1177 1234 εόνους
1199 1155 1240 1227 ὢν

209 1260 261 1326 καί
278 1272 281 1343 λ
298 1263 396 1349 [φίλλος
420 1262 550 1328 διατελεῖ
571 1265 612 1348 τῷ
637 1258 723 1350 δάμιρ
745 1266 787 1349 τῷ
810 1261 990 1349 Καλυμνίιυν
1017 1263 1070 1329 καί
1091 1269 1141 1330 νδν
1164 1291 1239 1351 πρε-

210 1361 387 1452 οβεόλλονλτος
415 1369 467 1430 τοῦ
496 1353 592 1450 δάμου
621 1364 673 1430 καλ
695 1363 843 1440 ἀξιοῦντος
874 1362 962 1452 δόμεν
985 1359 1096 1454 ἀνδρας
1117 1370 1239 1451 πέντε,λ

205 1467 324 1552 [οἵτιλνες
346 1469 583 1555 παραγενομένοι
605 1464 734 1555 μάλιστα
763 1469 815 1555 μέν
839 1473 1026 1536 διαλυσεᾶντι
1054 1468 1121 1544 τοὺς
1139 1478 1142 1549 λ
1158 1475 1239 1556 [δια-

209 1573 397 1660 φλερομένους
418 1576 477 1636 τῶν
499 1577 640 1652 πολιτᾶν,
665 1576 692 1638 εἰ
715 1571 748 1638 δὲ
771 1570 829 1659 μή,
854 1577 999 1661 κρινεδντι
1025 1571 1075 1640 διά
1098 1574 1237 1662 ψάφου,Ι

157 1686 190 1737 35
205 1673 374 1760 [ἀπέσπειλε
389 1668 500 1763 ἀνδρας
515 1672 625 1750 καλοὺς
641 1673 808 1763 κάγαδοός,
828 1677 857 1741 οἳ
872 1679 1239 1765 παραγενομένοιΗπᾶολαν

209 1775 339 1845 σπουδὰν
363 1775 542 1864 ἐποιήσαντο
556 1805 573 1839 ι
585 1783 637 1845 τοᾶ
661 1781 855 1854 διαλυθέντας
871 1777 938 1855 τοὺς
955 1783 958 1864 λ
974 1781 1110 1866 [πολλίτας
1124 1780 1161 1847 τά
1176 1780 1236 1848 ποτ’

208 1879 315 1956 αὖτοὺς
335 1879 548 1949 πολιτεύεσθαι
571 1880 628 1968 μετ’
656 1879 817 1969 ὁμονοίας·
837 1883 915 1968 Ιίκαλ
937 1882 1168 1973 ἀλιορραφεισᾶν
1190 1889 1239 1951 δι-

207 1989 262 2050 κᾶν
285 1987 328 2060 εἰς
348 1982 382 2050 τὸ
405 1983 595 2072 δικαστήριον
620 1985 765 2071 [πλελόνυιν
783 1993 787 2064 λ
807 2039 814 2051 .
835 2037 870 2051 ..
897 1993 1021 2053 ακοοιᾶν
1043 1986 1238 2074 πεντήκοντα,

155 2099 189 2150 40
206 2085 258 2161 τάς
281 2088 334 2174 μέν
356 2089 494 2162 πλείστας
518 2084 656 2155 διελόσαν
675 2087 860 2174 λ[πεισ]άντες
874 2087 941 2164 τοδς
958 2088 1134 2174 ἀντιδίκους,
1160 2085 1240 2164 όπυις

208 2189 248 2278 μὴ
272 2189 323 2257 διὰ
345 2189 447 2280 ψάφου
469 2197 527 2257 τῶν
550 2189 752 2279 πραλλγμάλτιυν
775 2195 955 2280 κρινομένων
979 2197 1021 2267 εἰς
1042 2195 1125 2259 πλέον
1140 2219 1239 2280 ταρα-

206 2292 265 2382 χάν
289 2291 305 2360 δ
328 2297 421 2381 δᾶμος
438 2300 442 2381 Ι
457 2292 666 2380 [καδισλτάταν
698 2293 779 2369 τινὰς
808 2295 914 2362 δὲκαὶ
938 2292 1095 2362 διαιτάσαν
1118 2321 1238 2382 συμφε-

209 2395 315 2486 ρόντως
332 2403 336 2481 λ
351 2396 546 2486 [ἀμφομέροις
578 2401 639 2472 τοῖς
673 2396 849 2473 ἀντιδίκοις·
886 2401 959 2466 δέκα
993 2399 1026 2465 δὲ
1059 2403 1144 2466 δικᾶν
1173 2404 1238 2474 εἰς·

209 2502 430 2589 αχδεισᾶνλλείς
451 2497 483 2567 τὸ
507 2497 702 2588 δ]ικαστήριον
725 2502 842 2589 ἐκρίναν
866 2498 916 2568 διά
938 2499 1039 2590 ψάφου
1062 2499 1139 2569 κατά
1160 2501 1239 2569 τετὸ

155 2618 189 2668 45
207 2601 398 2692 διάγραμλίμα
411 2608 473 2688 τοῦ]
493 2606 640 2692 βασιλέως
662 2603 712 2670 καί
733 2603 801 2679 τοὺς
823 2602 949 2692 νόμους,
974 2599 1055 2680 όντες
1077 2602 1238 2694 ἀνεριδεό-

207 2735 253 2774 τοι
268 2713 272 2794 λ
287 2705 345 2792 [καί
368 2709 478 2792 δλοκεῖν
502 2711 680 2794 δηλομένοι·
711 2703 791 2782 ὅπως
818 2702 942 2775 οὖνκαὶ
971 2707 987 2774 ‘0
1010 2714 1103 2797 δᾶμος
1126 2708 1142 2774 δ
1166 2709 1238 2776 Κα-

206 2813 335 2898 λυμνίυιν
354 2817 357 2894 λ
373 2813 531 2900 [φαίνητλαι
551 2811 641 2900 χάριν
664 2810 823 2886 ἀποδιδοὺς
844 2814 905 2886 τοῖς
927 2810 1113 2901 εὐεργετοῦσι
1136 2811 1235 2891 αὐτόν,

205 2914 257 2981 καί
279 2913 397 3001 πολλίλοί
418 2912 626 3002 πρλοαιρώνται
647 2914 698 2981 καί
720 2916 818 3002 λέγειν
840 2913 891 2981 καὶ
912 2912 1066 3003 πράσίσλειν
1081 2913 1118 2982 τά
1134 2918 1239 2983 δέοντα

207 3015 280 3106 ὑπὲρ
291 3023 346 3087 ,τοῦ
364 3025 368 3101 1
383 3014 529 3103 [πλήθεολς
550 3023 602 3084 τοῦ
618 3016 800 3105 Καλυμνίιυν
809 3071 818 3100 ,
844 3015 974 3098 εἰδότες,
998 3015 1044 3086 ότι
1066 3015 1239 3107 ὓπαρξεῖιντι

155 3135 188 3186 50
206 3119 305 3196 αίντοῖς
322 3127 325 3206 λ
342 3122 470 3209 ίχαρίτες
497 3123 641 3207 κλαταξίαι
672 3116 713 3188 ὧν
744 3148 784 3187 κα
813 3119 1059 3210 εὐεργετήσαντι·
1092 3120 1238 3210 δεδόχδαι

205 3230 243 3291 τᾶ
264 3233 267 3313 λ
290 3228 393 3313 [βουλᾷ
414 3224 486 3311 adast)
510 3230 552 3314 τῷ
581 3222 686 3314 δάμῳ·
722 3227 879 3292 ἐπαινέσαι
904 3223 954 3292 τδν
984 3229 1077 3312 δᾶμον
1106 3223 1155 3291 τὸν
1175 3223 1239 3292 Ἰα-

208 3330 283 3394 σέων
301 3335 304 3414 k
321 3326 435 3417 [ἀρετᾶς
457 3331 563 3413 έλνεκεν
586 3326 637 3394 καὶ
659 3325 792 3412 εὐνοίας,
818 3321 854 3395 ἀν
877 3329 956 3417 ἔχων
973 3331 1103 3396 διατελεῖ
1125 3326 1191 3417 περί
1206 3327 1238 3395 τό

206 3434 335 3519 πλλῆδος
357 3437 415 3498 τῶν
439 3430 644 3518 Καλλυμνίιυν,
668 3430 719 3498 καλ
742 3429 933 3520 στεφανώσαι
953 3437 1058 3520 χρυσῷ
1081 3429 1236 3521 στεφάνῳλ

156 3550 189 3600 55
205 3533 270 3620 [ἀπὸ
294 3538 374 3623 μνᾶ]ν
397 3537 502 3614 πέντε,
533 3537 689 3602 ἐπαινέσαι
712 3537 745 3602 δέ
767 3533 817 3602 καί
838 3536 906 3610 τοδς
929 3534 1164 3620 άποσταλένλλτας
1187 3542 1237 3602 δι-

206 3636 323 3725 καστλάς
352 3640 579 3726 καλοκαγαθίας
608 3641 725 3719 ἕνεκεν,
756 3638 929 3728 Κλέανδρον
946 3647 950 3724 Ι
966 3638 1147 3727 [Διοδώρου]
1175 3642 1238 3705 Δέ-

206 3769 277 3809 οντα
298 3739 470 3830 Εόβοόλου,
504 3740 646 3830 Κέφαλον
677 3739 859 3830 Δράκοντος,
879 3745 883 3825 Ι
906 3740 1070 3830 [Θεόδωρον
1101 3742 1237 3829 Νλουμη-

206 3848 289 3926 νίου,
314 3848 429 3913 Λέοντα
451 3847 662 3934 Δρακοντίδου,
683 3845 761 3930 Ηκαλ
785 3843 981 3934 στεφανιόλοαι
1004 3843 1111 3920 αότοδς
1133 3851 1235 3933 χρυσᾶ

207 3946 345 4038 στεφάνῳ
362 3955 365 4025 λ
381 3948 439 4034 [καὶ
468 3949 564 4037 τοότῳ
585 3951 616 4034 (λ)
637 3946 695 4014 ἀπὸ
726 3954 800 4036 μνᾶν
822 3951 934 4034 πλέντε,
960 3946 1104 4016 δεδόσθαι
1125 3949 1159 4014 δέ
1181 3946 1237 4014 αό-

156 4066 189 4116 60
204 4057 264 4127 τοῖς
281 4057 284 4133 λ
300 4052 358 4138 [καί
386 4053 540 4140 προξενίαν
570 4050 622 4119 καὶ
649 4053 824 4136 πλολιτείαν,
860 4050 959 4127 αιἰτοῖς
989 4053 1040 4118 καὶ
1068 4050 1236 4138 ἐγγόνοις,1

150 4139 161 4156 ”
205 4157 263 4241 [καί
287 4154 423 4223 ἀτέλειαν
445 4153 579 4222 πάντων·
613 4153 835 4244 ἐλιτικλίαρλόοαι
863 4157 896 4221 δέ
919 4154 1025 4230 αότοδς
1047 4155 1096 4220 ἐπί
1119 4153 1237 4243 φυλάνΙ

204 4255 247 4344 [ἀν
270 4286 310 4325 κα
333 4258 516 4348 βοόλυινται·
547 4260 637 4346 εἶμεν]
663 4260 696 4325 δὲ
720 4257 819 4333 αὐτοῖς
848 4257 898 4325 καὶ
919 4261 1079 4347 προεδρίαν
1102 4261 1133 4323 ἐν
1155 4262 1238 4346 τοῖςλ

203 4359 306 4449 [ἀγῶσι
328 4360 379 4427 καί
398 4362 528 4428 πόδοδον
549 4361 615 4428 ποτὶ
636 4360 689 4428 τάν
718 4363 885 4449 ἐκλκλησίαν
909 4361 983 4450 μετὰ
1004 4359 1041 4427 τά
1065 4358 1142 4456 ίερά,
1200 4431 1204 4439 ,
