<?xml version="1.0" encoding="UTF-8"?>
<!DOCTYPE html PUBLIC "-//W3C//DTD XHTML 1.0 Transitional//EN"
    "http://www.w3.org/TR/xhtml1/DTD/xhtml1-transitional.dtd">
<html xmlns="http://www.w3.org/1999/xhtml" xml:lang="en" lang="en">
 <head>
  <title>
</title>
<meta http-equiv="Content-Type" content="text/html;charset=utf-8" />
  <meta name='ocr-system' content='tesseract 3.04.00' />
  <meta name='ocr-capabilities' content='ocr_page ocr_carea ocr_par ocr_line ocrx_word'/>
</head>
<body>
  <div class='ocr_page' id='page_1' title='image "./delectusinscrip00cauegoog/delectusinscrip00cauegoog_0030.png"; bbox 0 0 3238 5198; ppageno 0'>
   <div class='ocr_carea' id='block_1_1' title="bbox 197 961 1145 1067">
    <p class='ocr_par' dir='ltr' id='par_1_1' title="bbox 197 961 1145 1067">
     <span class='ocr_line' id='line_1_1' title="bbox 197 961 1145 1067; baseline 0.006 -23"><span class='ocrx_word' id='word_1_1' title='bbox 197 961 240 1044; x_wconf 82' lang='lat' dir='ltr'><strong>a.</strong></span> <span class='ocrx_word' id='word_1_2' title='bbox 297 963 482 1048; x_wconf 77' lang='lat' dir='ltr'><strong>Oiutetes</strong></span> <span class='ocrx_word' id='word_1_3' title='bbox 505 963 847 1067; x_wconf 75' lang='lat' dir='ltr'>Peloponnesiacae</span> <span class='ocrx_word' id='word_1_4' title='bbox 865 983 950 1044; x_wconf 89' lang='lat' dir='ltr'><strong>cnm</strong></span> <span class='ocrx_word' id='word_1_5' title='bbox 972 963 1145 1052; x_wconf 88' lang='lat' dir='ltr'><strong>coloniis.</strong></span> 
     </span>
    </p>
   </div>
   <div class='ocr_carea' id='block_1_2' title="bbox 413 1167 934 1236">
    <p class='ocr_par' dir='ltr' id='par_1_2' title="bbox 413 1167 934 1236">
     <span class='ocr_line' id='line_1_2' title="bbox 413 1167 934 1236; baseline -0.002 -2"><span class='ocrx_word' id='word_1_6' title='bbox 413 1168 443 1234; x_wconf 88' lang='lat' dir='ltr'><strong>l.</strong></span> <span class='ocrx_word' id='word_1_7' title='bbox 471 1168 641 1236; x_wconf 84' lang='lat' dir='ltr'><strong>laconica</strong></span> <span class='ocrx_word' id='word_1_8' title='bbox 655 1186 734 1235; x_wconf 87' lang='lat' dir='ltr'><strong>oum</strong></span> <span class='ocrx_word' id='word_1_9' title='bbox 749 1167 934 1236; x_wconf 85' lang='lat' dir='ltr'><strong>Heracleo.</strong></span> 
     </span>
    </p>
   </div>
   <div class='ocr_carea' id='block_1_3' title="bbox 80 1345 1265 2252">
    <p class='ocr_par' dir='ltr' id='par_1_3' title="bbox 80 1345 1265 2252">
     <span class='ocr_line' id='line_1_3' title="bbox 169 1345 1265 1426; baseline 0 -21"><span class='ocrx_word' id='word_1_10' title='bbox 169 1347 389 1406; x_wconf 88' lang='lat' dir='ltr'><strong>Laconicarnm</strong></span> <span class='ocrx_word' id='word_1_11' title='bbox 435 1346 674 1426; x_wconf 83' lang='lat' dir='ltr'><strong>inscriptionum</strong></span> <span class='ocrx_word' id='word_1_12' title='bbox 715 1363 831 1425; x_wconf 92' lang='lat' dir='ltr'><strong>pancas</strong></span> <span class='ocrx_word' id='word_1_13' title='bbox 875 1353 906 1404; x_wconf 91' lang='lat' dir='ltr'><strong>et</strong></span> <span class='ocrx_word' id='word_1_14' title='bbox 949 1345 1077 1423; x_wconf 82' lang='lat' dir='ltr'><strong>exiguas</strong></span> <span class='ocrx_word' id='word_1_15' title='bbox 1115 1345 1265 1424; x_wconf 80' lang='lat' dir='ltr'><strong>reliquias</strong></span> 
     </span>
     <span class='ocr_line' id='line_1_4' title="bbox 82 1447 1263 1527; baseline 0 -19"><span class='ocrx_word' id='word_1_16' title='bbox 82 1466 250 1527; x_wconf 86' lang='lat' dir='ltr'>superesse</span> <span class='ocrx_word' id='word_1_17' title='bbox 288 1450 346 1509; x_wconf 86' lang='lat' dir='ltr'><strong>etsi</strong></span> <span class='ocrx_word' id='word_1_18' title='bbox 383 1449 660 1509; x_wconf 85' lang='lat' dir='ltr'><strong>vehementissime</strong></span> <span class='ocrx_word' id='word_1_19' title='bbox 693 1447 850 1526; x_wconf 93' lang='lat' dir='ltr'><strong>dolemus,</strong></span> <span class='ocrx_word' id='word_1_20' title='bbox 890 1457 994 1508; x_wconf 90' lang='lat' dir='ltr'><strong>tamen</strong></span> <span class='ocrx_word' id='word_1_21' title='bbox 1028 1448 1086 1508; x_wconf 92' lang='lat' dir='ltr'><strong>hoc</strong></span> <span class='ocrx_word' id='word_1_22' title='bbox 1114 1447 1263 1510; x_wconf 92' lang='lat' dir='ltr'><strong>damnum</strong></span> 
     </span>
     <span class='ocr_line' id='line_1_5' title="bbox 82 1549 1264 1631; baseline -0.001 -19"><span class='ocrx_word' id='word_1_23' title='bbox 82 1550 311 1630; x_wconf 92' lang='lat' dir='ltr'><strong>quodammodo</strong></span> <span class='ocrx_word' id='word_1_24' title='bbox 334 1553 503 1614; x_wconf 81' lang='lat' dir='ltr'><strong>resarcitur</strong></span> <span class='ocrx_word' id='word_1_25' title='bbox 533 1550 649 1612; x_wconf 92' lang='lat' dir='ltr'><strong>tabulis</strong></span> <span class='ocrx_word' id='word_1_26' title='bbox 672 1549 943 1612; x_wconf 90' lang='lat' dir='ltr'><strong>Heracleensibus.</strong></span> <span class='ocrx_word' id='word_1_27' title='bbox 975 1570 1048 1612; x_wconf 83' lang='lat' dir='ltr'><strong>nam</strong></span> <span class='ocrx_word' id='word_1_28' title='bbox 1072 1569 1264 1631; x_wconf 91' lang='lat' dir='ltr'><strong>quamquam</strong></span> 
     </span>
     <span class='ocr_line' id='line_1_6' title="bbox 81 1653 1262 1734; baseline 0.002 -20"><span class='ocrx_word' id='word_1_29' title='bbox 81 1655 233 1716; x_wconf 87' lang='lat' dir='ltr'><strong>Heraclea</strong></span> <span class='ocrx_word' id='word_1_30' title='bbox 259 1653 337 1716; x_wconf 87' lang='lat' dir='ltr'><strong>urbs</strong></span> <span class='ocrx_word' id='word_1_31' title='bbox 368 1655 400 1716; x_wconf 93' lang='lat' dir='ltr'><strong>in</strong></span> <span class='ocrx_word' id='word_1_32' title='bbox 428 1657 537 1734; x_wconf 88' lang='lat' dir='ltr'><strong>Magna</strong></span> <span class='ocrx_word' id='word_1_33' title='bbox 560 1656 689 1716; x_wconf 81' lang='lat' dir='ltr'><strong>Graecia</strong></span> <span class='ocrx_word' id='word_1_34' title='bbox 717 1653 757 1716; x_wconf 96' lang='lat' dir='ltr'><strong>ad</strong></span> <span class='ocrx_word' id='word_1_35' title='bbox 785 1654 923 1716; x_wconf 88' lang='lat' dir='ltr'><strong>Siridem</strong></span> <span class='ocrx_word' id='word_1_36' title='bbox 951 1654 1083 1715; x_wconf 89' lang='lat' dir='ltr'><strong>fluvium</strong></span> <span class='ocrx_word' id='word_1_37' title='bbox 1114 1657 1173 1717; x_wconf 92' lang='lat' dir='ltr'><strong>sita</strong></span> <span class='ocrx_word' id='word_1_38' title='bbox 1201 1675 1262 1716; x_wconf 93' lang='lat' dir='ltr'><strong>non</strong></span> 
     </span>
     <span class='ocr_line' id='line_1_7' title="bbox 80 1756 1263 1839; baseline 0 -21"><span class='ocrx_word' id='word_1_39' title='bbox 80 1758 122 1818; x_wconf 90' lang='lat' dir='ltr'><strong>ab</strong></span> <span class='ocrx_word' id='word_1_40' title='bbox 145 1759 223 1839; x_wconf 95' lang='lat' dir='ltr'><strong>ipsis</strong></span> <span class='ocrx_word' id='word_1_41' title='bbox 245 1756 512 1837; x_wconf 86' lang='lat' dir='ltr'><strong>Lacedaemoniis,</strong></span> <span class='ocrx_word' id='word_1_42' title='bbox 539 1759 595 1820; x_wconf 89' lang='lat' dir='ltr'><strong>sed</strong></span> <span class='ocrx_word' id='word_1_43' title='bbox 618 1776 674 1837; x_wconf 92' lang='lat' dir='ltr'><strong>per</strong></span> <span class='ocrx_word' id='word_1_44' title='bbox 693 1758 828 1819; x_wconf 91' lang='lat' dir='ltr'><strong>mediam</strong></span> <span class='ocrx_word' id='word_1_45' title='bbox 843 1759 1082 1818; x_wconf 82' lang='lat' dir='ltr'><strong>Tarentinorum</strong></span> <span class='ocrx_word' id='word_1_46' title='bbox 1105 1760 1263 1819; x_wconf 89' lang='lat' dir='ltr'><strong>civitatem</strong></span> 
     </span>
     <span class='ocr_line' id='line_1_8' title="bbox 80 1859 1265 1942; baseline 0.001 -20"><span class='ocrx_word' id='word_1_47' title='bbox 80 1860 206 1922; x_wconf 87' lang='lat' dir='ltr'><strong>condita</strong></span> <span class='ocrx_word' id='word_1_48' title='bbox 228 1870 276 1922; x_wconf 90' lang='lat' dir='ltr'><strong>est</strong></span> <span class='ocrx_word' id='word_1_49' title='bbox 309 1864 350 1937; x_wconf 79' lang='lat' dir='ltr'><strong>(v.</strong></span> <span class='ocrx_word' id='word_1_50' title='bbox 376 1859 480 1922; x_wconf 90' lang='lat' dir='ltr'><strong>Strab.</strong></span> <span class='ocrx_word' id='word_1_51' title='bbox 512 1881 566 1941; x_wconf 91' lang='lat' dir='ltr'><strong>pp.</strong></span> <span class='ocrx_word' id='word_1_52' title='bbox 593 1862 665 1923; x_wconf 74' lang='lat'><strong>264.</strong></span> <span class='ocrx_word' id='word_1_53' title='bbox 693 1861 754 1924; x_wconf 74' lang='lat'><strong>278</strong></span> <span class='ocrx_word' id='word_1_54' title='bbox 776 1860 881 1942; x_wconf 80' lang='lat' dir='ltr'><strong>sqq.),</strong></span> <span class='ocrx_word' id='word_1_55' title='bbox 914 1869 1018 1921; x_wconf 92' lang='lat' dir='ltr'><strong>tamen</strong></span> <span class='ocrx_word' id='word_1_56' title='bbox 1041 1879 1143 1922; x_wconf 91' lang='lat' dir='ltr'><strong>sermo</strong></span> <span class='ocrx_word' id='word_1_57' title='bbox 1166 1863 1265 1923; x_wconf 88' lang='lat' dir='ltr'><strong>Hera-</strong></span> 
     </span>
     <span class='ocr_line' id='line_1_9' title="bbox 80 1965 1264 2044; baseline 0 -20"><span class='ocrx_word' id='word_1_58' title='bbox 80 1965 250 2026; x_wconf 88' lang='lat' dir='ltr'><strong>cleotarum</strong></span> <span class='ocrx_word' id='word_1_59' title='bbox 273 1973 337 2025; x_wconf 92' lang='lat' dir='ltr'><strong>tam</strong></span> <span class='ocrx_word' id='word_1_60' title='bbox 359 1965 456 2025; x_wconf 92' lang='lat' dir='ltr'><strong>multa</strong></span> <span class='ocrx_word' id='word_1_61' title='bbox 479 1965 611 2043; x_wconf 86' lang='lat' dir='ltr'><strong>vestigia</strong></span> <span class='ocrx_word' id='word_1_62' title='bbox 633 1966 831 2044; x_wconf 82' lang='lat' dir='ltr'><strong>antiquitatis</strong></span> <span class='ocrx_word' id='word_1_63' title='bbox 851 1966 1006 2043; x_wconf 90' lang='lat' dir='ltr'><strong>servavit,</strong></span> <span class='ocrx_word' id='word_1_64' title='bbox 1031 1974 1067 2025; x_wconf 92' lang='lat' dir='ltr'><strong>ut</strong></span> <span class='ocrx_word' id='word_1_65' title='bbox 1090 1983 1126 2025; x_wconf 93' lang='lat' dir='ltr'><strong>eo</strong></span> <span class='ocrx_word' id='word_1_66' title='bbox 1148 1967 1264 2044; x_wconf 92' lang='lat' dir='ltr'><strong>optimo</strong></span> 
     </span>
     <span class='ocr_line' id='line_1_10' title="bbox 83 2066 1264 2148; baseline 0.001 -20"><span class='ocrx_word' id='word_1_67' title='bbox 83 2069 153 2130; x_wconf 92' lang='lat' dir='ltr'><strong>iure</strong></span> <span class='ocrx_word' id='word_1_68' title='bbox 177 2069 222 2129; x_wconf 92' lang='lat' dir='ltr'><strong>uti</strong></span> <span class='ocrx_word' id='word_1_69' title='bbox 245 2068 401 2148; x_wconf 92' lang='lat' dir='ltr'><strong>possimus</strong></span> <span class='ocrx_word' id='word_1_70' title='bbox 423 2067 464 2128; x_wconf 92' lang='lat' dir='ltr'><strong>ad</strong></span> <span class='ocrx_word' id='word_1_71' title='bbox 492 2086 561 2128; x_wconf 89' lang='lat' dir='ltr'><strong>eam</strong></span> <span class='ocrx_word' id='word_1_72' title='bbox 584 2069 721 2147; x_wconf 90' lang='lat' dir='ltr'><strong>speciem</strong></span> <span class='ocrx_word' id='word_1_73' title='bbox 749 2066 874 2128; x_wconf 91' lang='lat' dir='ltr'><strong>Doridis</strong></span> <span class='ocrx_word' id='word_1_74' title='bbox 904 2067 1149 2148; x_wconf 85' lang='lat' dir='ltr'><strong>restituendam,</strong></span> <span class='ocrx_word' id='word_1_75' title='bbox 1183 2087 1264 2148; x_wconf 87' lang='lat' dir='ltr'><strong>quae</strong></span> 
     </span>
     <span class='ocr_line' id='line_1_11' title="bbox 83 2171 620 2252; baseline -0.004 -20"><span class='ocrx_word' id='word_1_76' title='bbox 83 2173 216 2251; x_wconf 84' lang='lat' dir='ltr'><strong>Spartae</strong></span> <span class='ocrx_word' id='word_1_77' title='bbox 238 2171 312 2231; x_wconf 92' lang='lat' dir='ltr'><strong>olim</strong></span> <span class='ocrx_word' id='word_1_78' title='bbox 335 2172 538 2252; x_wconf 86' lang='lat' dir='ltr'><strong>pronuntiata</strong></span> <span class='ocrx_word' id='word_1_79' title='bbox 562 2181 620 2230; x_wconf 89' lang='lat' dir='ltr'><strong>est.</strong></span> 
     </span>
    </p>
   </div>
   <div class='ocr_carea' id='block_1_4' title="bbox 559 2418 792 2476">
    <p class='ocr_par' dir='ltr' id='par_1_4' title="bbox 559 2418 792 2476">
     <span class='ocr_line' id='line_1_12' title="bbox 559 2418 792 2476; baseline 0.009 -3"><span class='ocrx_word' id='word_1_80' title='bbox 559 2432 590 2473; x_wconf 85' lang='lat' dir='ltr'><strong>a.</strong></span> <span class='ocrx_word' id='word_1_81' title='bbox 614 2418 792 2476; x_wconf 79' lang='lat' dir='ltr'><strong>Laconica.</strong></span> 
     </span>
    </p>
   </div>
   <div class='ocr_carea' id='block_1_5' title="bbox 89 2546 1120 2630">
    <p class='ocr_par' dir='ltr' id='par_1_5' title="bbox 89 2546 1120 2630">
     <span class='ocr_line' id='line_1_13' title="bbox 89 2546 1120 2630; baseline 0.001 -18"><span class='ocrx_word' id='word_1_82' title='bbox 89 2546 107 2612; x_wconf 96' lang='lat' dir='ltr'><strong>l</strong></span> <span class='ocrx_word' id='word_1_83' title='bbox 138 2553 224 2612; x_wconf 90' lang='lat' dir='ltr'><strong>Basis</strong></span> <span class='ocrx_word' id='word_1_84' title='bbox 247 2568 421 2611; x_wconf 89' lang='lat' dir='ltr'><strong>marmorea</strong></span> <span class='ocrx_word' id='word_1_85' title='bbox 438 2547 581 2628; x_wconf 91' lang='lat' dir='ltr'><strong>rotunda,</strong></span> <span class='ocrx_word' id='word_1_86' title='bbox 607 2549 770 2630; x_wconf 84' lang='lat' dir='ltr'><strong>Olympiae</strong></span> <span class='ocrx_word' id='word_1_87' title='bbox 793 2551 976 2630; x_wconf 92' lang='lat' dir='ltr'><strong>nuperrime</strong></span> <span class='ocrx_word' id='word_1_88' title='bbox 1000 2551 1120 2613; x_wconf 84' lang='lat' dir='ltr'><strong>effossa.</strong></span> 
     </span>
    </p>
   </div>
   <div class='ocr_carea' id='block_1_6' title="bbox 125 2713 1018 2908">
    <p class='ocr_par' dir='ltr' id='par_1_6' title="bbox 125 2713 1018 2908">
     <span class='ocr_line' id='line_1_14' title="bbox 125 2713 1018 2806; baseline 0.001 -23"><span class='ocrx_word' id='word_1_89' title='bbox 125 2721 205 2802; x_wconf 75' lang='grc' dir='ltr'>[Δέξο</span> <span class='ocrx_word' id='word_1_90' title='bbox 229 2715 343 2802; x_wconf 66' lang='lat' dir='ltr'><strong>Heleni</strong></span> <span class='ocrx_word' id='word_1_91' title='bbox 365 2717 499 2806; x_wconf 77' lang='grc' dir='ltr'>Κρονίδα</span> <span class='ocrx_word' id='word_1_92' title='bbox 518 2717 604 2802; x_wconf 78' lang='grc' dir='ltr'><strong>[Ζ]εὖ</strong></span> <span class='ocrx_word' id='word_1_93' title='bbox 622 2714 759 2784; x_wconf 74' lang='grc' dir='ltr'>Ὀλόνπιε</span> <span class='ocrx_word' id='word_1_94' title='bbox 780 2716 872 2785; x_wconf 77' lang='grc' dir='ltr'>καλὸν</span> <span class='ocrx_word' id='word_1_95' title='bbox 896 2713 1018 2806; x_wconf 71' lang='grc' dir='ltr'>ἄγαλμα</span> 
     </span>
     <span class='ocr_line' id='line_1_15' title="bbox 216 2822 782 2908; baseline 0.002 -23"><span class='ocrx_word' id='word_1_96' title='bbox 216 2822 332 2904; x_wconf 64' lang='grc' dir='ltr'>ἱλέΜι</span> <span class='ocrx_word' id='word_1_97' title='bbox 353 2823 460 2907; x_wconf 61' lang='lat' dir='ltr'><strong>&amp;alpos</strong></span> <span class='ocrx_word' id='word_1_98' title='bbox 474 2826 520 2886; x_wconf 81' lang='grc' dir='ltr'><strong>τόι</strong></span> <span class='ocrx_word' id='word_1_99' title='bbox 542 2823 782 2908; x_wconf 77' lang='grc' dir='ltr'>Λακεδαιμονίοι.</span> 
     </span>
    </p>
   </div>
   <div class='ocr_carea' id='block_1_7' title="bbox 85 2994 1315 3699">
    <p class='ocr_par' dir='ltr' id='par_1_7' title="bbox 85 2994 1315 3699">
     <span class='ocr_line' id='line_1_16' title="bbox 87 2994 1264 3081; baseline 0.003 -22"><span class='ocrx_word' id='word_1_100' title='bbox 87 2997 192 3059; x_wconf 87' lang='lat' dir='ltr'><strong>Edidit</strong></span> <span class='ocrx_word' id='word_1_101' title='bbox 207 3008 237 3058; x_wconf 90' lang='lat' dir='ltr'><strong>et</strong></span> <span class='ocrx_word' id='word_1_102' title='bbox 252 2997 414 3058; x_wconf 89' lang='lat' dir='ltr'><strong>illustravit</strong></span> <span class='ocrx_word' id='word_1_103' title='bbox 430 2999 465 3058; x_wconf 89' lang='lat' dir='ltr'><strong>E.</strong></span> <span class='ocrx_word' id='word_1_104' title='bbox 481 2999 620 3075; x_wconf 83' lang='lat' dir='ltr'><strong>Currius,</strong></span> <span class='ocrx_word' id='word_1_105' title='bbox 644 2994 743 3057; x_wconf 78' lang='lat' dir='ltr'><strong>‘Areia</strong></span> <span class='ocrx_word' id='word_1_106' title='bbox 763 2999 844 3058; x_wconf 65' lang='lat' dir='ltr'><strong>Zeto)</strong></span> <span class='ocrx_word' id='word_1_107' title='bbox 857 2999 978 3061; x_wconf 80' lang='lat' dir='ltr'>XXXIV</span> <span class='ocrx_word' id='word_1_108' title='bbox 994 3000 1097 3078; x_wconf 74' lang='lat' dir='ltr'><strong>(tenc)</strong></span> <span class='ocrx_word' id='word_1_109' title='bbox 1114 3018 1146 3078; x_wconf 90' lang='lat' dir='ltr'><strong>p.</strong></span> <span class='ocrx_word' id='word_1_110' title='bbox 1164 3002 1201 3060; x_wconf 77' lang='lat' dir='ltr'><strong>te</strong></span> <span class='ocrx_word' id='word_1_111' title='bbox 1216 3019 1264 3081; x_wconf 89' lang='lat' dir='ltr'><strong>sq.</strong></span> 
     </span>
     <span class='ocr_line' id='line_1_17' title="bbox 85 3100 1315 3183; baseline 0.001 -20"><span class='ocrx_word' id='word_1_112' title='bbox 85 3103 279 3182; x_wconf 83' lang='lat' dir='ltr'><strong>Epigramma</strong></span> <span class='ocrx_word' id='word_1_113' title='bbox 303 3102 394 3162; x_wconf 91' lang='lat' dir='ltr'><strong>etiam</strong></span> <span class='ocrx_word' id='word_1_114' title='bbox 418 3100 502 3181; x_wconf 92' lang='lat' dir='ltr'><strong>apud</strong></span> <span class='ocrx_word' id='word_1_115' title='bbox 519 3102 700 3164; x_wconf 88' lang='lat' dir='ltr'><strong>Pausaniam</strong></span> <span class='ocrx_word' id='word_1_116' title='bbox 717 3101 751 3178; x_wconf 90' lang='lat' dir='ltr'><strong>V,</strong></span> <span class='ocrx_word' id='word_1_117' title='bbox 778 3101 817 3161; x_wconf 72' lang='lat' dir='ltr'><strong>ai</strong></span> <span class='ocrx_word' id='word_1_118' title='bbox 841 3110 950 3180; x_wconf 86' lang='lat' dir='ltr'><strong>exstat,</strong></span> <span class='ocrx_word' id='word_1_119' title='bbox 977 3102 1149 3164; x_wconf 90' lang='lat' dir='ltr'><strong>secundum</strong></span> <span class='ocrx_word' id='word_1_120' title='bbox 1173 3121 1264 3183; x_wconf 92' lang='lat' dir='ltr'><strong>quem</strong></span> <span class='ocrx_word' id='word_1_121' title='bbox 1313 3129 1315 3139; x_wconf 64' lang='lat'>¹</span> 
     </span>
     <span class='ocr_line' id='line_1_18' title="bbox 87 3202 1265 3283; baseline 0.001 -18"><span class='ocrx_word' id='word_1_122' title='bbox 87 3206 134 3266; x_wconf 93' lang='lat' dir='ltr'><strong>Ol.</strong></span> <span class='ocrx_word' id='word_1_123' title='bbox 153 3204 211 3283; x_wconf 85' lang='lat'><strong>79,</strong></span> <span class='ocrx_word' id='word_1_124' title='bbox 240 3205 251 3264; x_wconf 87' lang='lat' dir='ltr'><strong>l</strong></span> <span class='ocrx_word' id='word_1_125' title='bbox 273 3232 316 3256; x_wconf 91' lang='lat'>=</span> <span class='ocrx_word' id='word_1_126' title='bbox 332 3206 391 3264; x_wconf 84' lang='lat' dir='ltr'><strong>llil</strong></span> <span class='ocrx_word' id='word_1_127' title='bbox 416 3223 445 3264; x_wconf 90' lang='lat' dir='ltr'><strong>a.</strong></span> <span class='ocrx_word' id='word_1_128' title='bbox 470 3204 541 3264; x_wconf 88' lang='lat' dir='ltr'><strong>Chr.</strong></span> <span class='ocrx_word' id='word_1_129' title='bbox 561 3202 794 3264; x_wconf 87' lang='lat' dir='ltr'><strong>Lacedaemonii</strong></span> <span class='ocrx_word' id='word_1_130' title='bbox 818 3205 902 3265; x_wconf 91' lang='lat' dir='ltr'><strong>initio</strong></span> <span class='ocrx_word' id='word_1_131' title='bbox 922 3206 1002 3264; x_wconf 90' lang='lat' dir='ltr'><strong>tertii</strong></span> <span class='ocrx_word' id='word_1_132' title='bbox 1028 3203 1102 3266; x_wconf 87' lang='lat' dir='ltr'><strong>belli</strong></span> <span class='ocrx_word' id='word_1_133' title='bbox 1123 3207 1265 3268; x_wconf 85' lang='lat' dir='ltr'><strong>Messenii</strong></span> 
     </span>
     <span class='ocr_line' id='line_1_19' title="bbox 88 3304 1266 3389; baseline 0.004 -23"><span class='ocrx_word' id='word_1_134' title='bbox 88 3309 151 3368; x_wconf 89' lang='lat' dir='ltr'><strong>lovi</strong></span> <span class='ocrx_word' id='word_1_135' title='bbox 171 3309 334 3386; x_wconf 80' lang='lat' dir='ltr'><strong>imaginem</strong></span> <span class='ocrx_word' id='word_1_136' title='bbox 357 3315 626 3367; x_wconf 87' lang='lat' dir='ltr'><strong>consecraverunt.</strong></span> <span class='ocrx_word' id='word_1_137' title='bbox 658 3307 704 3367; x_wconf 78' lang='grc' dir='ltr'><strong>τόι</strong></span> <span class='ocrx_word' id='word_1_138' title='bbox 722 3304 955 3389; x_wconf 77' lang='grc' dir='ltr'>Λακεδαιμονίοι</span> <span class='ocrx_word' id='word_1_139' title='bbox 977 3319 1024 3368; x_wconf 90' lang='lat' dir='ltr'><strong>est</strong></span> <span class='ocrx_word' id='word_1_140' title='bbox 1046 3309 1171 3370; x_wconf 90' lang='lat' dir='ltr'><strong>dativus</strong></span> <span class='ocrx_word' id='word_1_141' title='bbox 1200 3312 1266 3371; x_wconf 91' lang='lat' dir='ltr'><strong>sin-</strong></span> 
     </span>
     <span class='ocr_line' id='line_1_20' title="bbox 88 3408 1267 3490; baseline 0.002 -20"><span class='ocrx_word' id='word_1_142' title='bbox 88 3411 217 3490; x_wconf 76' lang='lat' dir='ltr'><strong>gulariS,</strong></span> <span class='ocrx_word' id='word_1_143' title='bbox 243 3412 333 3470; x_wconf 91' lang='lat' dir='ltr'><strong>cuius</strong></span> <span class='ocrx_word' id='word_1_144' title='bbox 356 3428 448 3470; x_wconf 92' lang='lat' dir='ltr'><strong>usum</strong></span> <span class='ocrx_word' id='word_1_145' title='bbox 471 3410 583 3488; x_wconf 87' lang='lat' dir='ltr'><strong>talem,</strong></span> <span class='ocrx_word' id='word_1_146' title='bbox 608 3408 710 3488; x_wconf 92' lang='lat' dir='ltr'><strong>qualis</strong></span> <span class='ocrx_word' id='word_1_147' title='bbox 726 3409 777 3469; x_wconf 91' lang='lat' dir='ltr'><strong>hic</strong></span> <span class='ocrx_word' id='word_1_148' title='bbox 792 3418 908 3489; x_wconf 88' lang='lat' dir='ltr'><strong>exstat,</strong></span> <span class='ocrx_word' id='word_1_149' title='bbox 935 3410 1062 3472; x_wconf 87' lang='lat' dir='ltr'><strong>Curtius</strong></span> <span class='ocrx_word' id='word_1_150' title='bbox 1076 3413 1097 3472; x_wconf 93' lang='lat' dir='ltr'><strong>l.</strong></span> <span class='ocrx_word' id='word_1_151' title='bbox 1117 3412 1138 3472; x_wconf 90' lang='lat' dir='ltr'><strong>l.</strong></span> <span class='ocrx_word' id='word_1_152' title='bbox 1157 3431 1267 3473; x_wconf 88' lang='lat' dir='ltr'><strong>exem-</strong></span> 
     </span>
     <span class='ocr_line' id='line_1_21' title="bbox 86 3513 1267 3596; baseline 0.003 -22"><span class='ocrx_word' id='word_1_153' title='bbox 86 3515 147 3594; x_wconf 90' lang='lat' dir='ltr'><strong>plis</strong></span> <span class='ocrx_word' id='word_1_154' title='bbox 164 3514 342 3574; x_wconf 86' lang='lat' dir='ltr'><strong>illustravit.</strong></span> <span class='ocrx_word' id='word_1_155' title='bbox 384 3515 566 3592; x_wconf 82' lang='lat' dir='ltr'><strong>Pausanias,</strong></span> <span class='ocrx_word' id='word_1_156' title='bbox 586 3513 639 3592; x_wconf 94' lang='lat' dir='ltr'><strong>qni</strong></span> <span class='ocrx_word' id='word_1_157' title='bbox 656 3531 728 3572; x_wconf 90' lang='lat' dir='ltr'><strong>eum</strong></span> <span class='ocrx_word' id='word_1_158' title='bbox 744 3531 807 3573; x_wconf 93' lang='lat' dir='ltr'><strong>non</strong></span> <span class='ocrx_word' id='word_1_159' title='bbox 828 3513 1040 3594; x_wconf 81' lang='lat' dir='ltr'><strong>intellegebat,</strong></span> <span class='ocrx_word' id='word_1_160' title='bbox 1066 3517 1192 3596; x_wconf 89' lang='lat' dir='ltr'><strong>scripsit</strong></span> <span class='ocrx_word' id='word_1_161' title='bbox 1206 3518 1267 3586; x_wconf 81' lang='grc' dir='ltr'><strong>τοῖς</strong></span> 
     </span>
     <span class='ocr_line' id='line_1_22' title="bbox 87 3613 1242 3699; baseline 0.003 -21"><span class='ocrx_word' id='word_1_162' title='bbox 87 3613 347 3699; x_wconf 78' lang='grc' dir='ltr'><strong>Λακεδαιμονίοις,</strong></span> <span class='ocrx_word' id='word_1_163' title='bbox 365 3652 408 3661; x_wconf 96' lang='grc'>-</span> <span class='ocrx_word' id='word_1_164' title='bbox 424 3618 502 3677; x_wconf 92' lang='lat' dir='ltr'><strong>mira</strong></span> <span class='ocrx_word' id='word_1_165' title='bbox 519 3625 566 3677; x_wconf 90' lang='lat' dir='ltr'><strong>est</strong></span> <span class='ocrx_word' id='word_1_166' title='bbox 580 3639 600 3698; x_wconf 81' lang='grc' dir='ltr'>η</span> <span class='ocrx_word' id='word_1_167' title='bbox 617 3616 732 3676; x_wconf 87' lang='lat' dir='ltr'><strong>vocalis</strong></span> <span class='ocrx_word' id='word_1_168' title='bbox 748 3635 805 3694; x_wconf 93' lang='lat' dir='ltr'><strong>pro</strong></span> <span class='ocrx_word' id='word_1_169' title='bbox 822 3639 841 3678; x_wconf 89' lang='grc' dir='ltr'><strong>α</strong></span> <span class='ocrx_word' id='word_1_170' title='bbox 862 3619 951 3696; x_wconf 89' lang='lat' dir='ltr'><strong>longa</strong></span> <span class='ocrx_word' id='word_1_171' title='bbox 967 3621 1066 3698; x_wconf 93' lang='lat' dir='ltr'><strong>posita</strong></span> <span class='ocrx_word' id='word_1_172' title='bbox 1083 3619 1114 3680; x_wconf 92' lang='lat' dir='ltr'><strong>in</strong></span> <span class='ocrx_word' id='word_1_173' title='bbox 1131 3617 1242 3694; x_wconf 52' lang='lat' dir='ltr'><strong>illios.</strong></span> 
     </span>
    </p>
   </div>
   <div class='ocr_carea' id='block_1_8' title="bbox 1114 3760 1264 3767">
    <p class='ocr_par' dir='ltr' id='par_1_8' title="bbox 1114 3760 1264 3767">
     <span class='ocr_line' id='line_1_23' title="bbox 1114 3760 1264 3767; baseline 0 -1"><span class='ocrx_word' id='word_1_174' title='bbox 1114 3760 1264 3767; x_wconf 66' lang='lat'><strong>-—-..-</strong></span> 
     </span>
    </p>
   </div>
   <div class='ocr_carea' id='block_1_9' title="bbox 86 3839 1266 3920">
    <p class='ocr_par' dir='ltr' id='par_1_9' title="bbox 86 3839 1266 3920">
     <span class='ocr_line' id='line_1_24' title="bbox 86 3839 1266 3920; baseline -0.002 -16"><span class='ocrx_word' id='word_1_175' title='bbox 86 3839 108 3904; x_wconf 74' lang='lat'><strong>2</strong></span> <span class='ocrx_word' id='word_1_176' title='bbox 140 3841 258 3901; x_wconf 88' lang='lat' dir='ltr'><strong>Tabula</strong></span> <span class='ocrx_word' id='word_1_177' title='bbox 274 3858 364 3900; x_wconf 90' lang='lat' dir='ltr'><strong>aerea</strong></span> <span class='ocrx_word' id='word_1_178' title='bbox 380 3840 614 3919; x_wconf 88' lang='lat' dir='ltr'><strong>opisthographa</strong></span> <span class='ocrx_word' id='word_1_179' title='bbox 632 3849 750 3918; x_wconf 88' lang='lat' dir='ltr'><strong>reperta</strong></span> <span class='ocrx_word' id='word_1_180' title='bbox 767 3859 862 3920; x_wconf 89' lang='lat' dir='ltr'><strong>prope</strong></span> <span class='ocrx_word' id='word_1_181' title='bbox 875 3841 1021 3920; x_wconf 88' lang='lat' dir='ltr'><strong>Tegeam,</strong></span> <span class='ocrx_word' id='word_1_182' title='bbox 1040 3861 1124 3902; x_wconf 90' lang='lat' dir='ltr'><strong>nunc</strong></span> <span class='ocrx_word' id='word_1_183' title='bbox 1139 3841 1266 3902; x_wconf 84' lang='lat' dir='ltr'><strong>Athenis</strong></span> 
     </span>
    </p>
   </div>
   <div class='ocr_carea' id='block_1_10' title="bbox 151 3939 695 4106">
    <p class='ocr_par' dir='ltr' id='par_1_10' title="bbox 151 3939 695 4106">
     <span class='ocr_line' id='line_1_25' title="bbox 151 3939 398 4028; baseline -0.004 -24"><span class='ocrx_word' id='word_1_184' title='bbox 151 3943 182 4006; x_wconf 86' lang='grc' dir='ltr'><strong>ἐν</strong></span> <span class='ocrx_word' id='word_1_185' title='bbox 207 3939 398 4028; x_wconf 82' lang='grc' dir='ltr'><strong>Βαρβακείῳ.</strong></span> 
     </span>
     <span class='ocr_line' id='line_1_26' title="bbox 658 4046 695 4106; baseline 0 0"><span class='ocrx_word' id='word_1_186' title='bbox 658 4046 695 4106; x_wconf 91' lang='grc' dir='ltr'><strong>Α.</strong></span> 
     </span>
    </p>
   </div>
   <div class='ocr_carea' id='block_1_11' title="bbox 135 4158 1224 4353">
    <p class='ocr_par' dir='ltr' id='par_1_11' title="bbox 135 4158 1224 4353">
     <span class='ocr_line' id='line_1_27' title="bbox 135 4158 1224 4252; baseline 0.004 -26"><span class='ocrx_word' id='word_1_187' title='bbox 135 4223 138 4230; x_wconf 90' lang='grc'><em>,</em></span> <span class='ocrx_word' id='word_1_188' title='bbox 195 4163 310 4248; x_wconf 73' lang='grc' dir='ltr'><strong>Ξουθίᾳ</strong></span> <span class='ocrx_word' id='word_1_189' title='bbox 328 4169 374 4228; x_wconf 71' lang='lat' dir='ltr'><strong>noc</strong></span> <span class='ocrx_word' id='word_1_190' title='bbox 390 4163 542 4250; x_wconf 81' lang='grc' dir='ltr'>Φιλαχαίο</span> <span class='ocrx_word' id='word_1_191' title='bbox 562 4163 721 4250; x_wconf 57' lang='lat' dir='ltr'><strong>&amp;succollat</strong></span> <span class='ocrx_word' id='word_1_192' title='bbox 736 4166 816 4249; x_wconf 82' lang='grc' dir='ltr'><strong>μναῖ.</strong></span> <span class='ocrx_word' id='word_1_193' title='bbox 852 4161 885 4228; x_wconf 84' lang='grc' dir='ltr'><strong>αἴ</strong></span> <span class='ocrx_word' id='word_1_194' title='bbox 898 4161 920 4228; x_wconf 87' lang='grc' dir='ltr'><strong>κ’</strong></span> <span class='ocrx_word' id='word_1_195' title='bbox 942 4161 1029 4237; x_wconf 75' lang='grc' dir='ltr'>αὐτὸς</span> <span class='ocrx_word' id='word_1_196' title='bbox 1044 4158 1075 4252; x_wconf 73' lang='grc' dir='ltr'><strong>ᾖ,</strong></span> <span class='ocrx_word' id='word_1_197' title='bbox 1101 4163 1133 4230; x_wconf 85' lang='grc' dir='ltr'><strong>τὸ</strong></span> <span class='ocrx_word' id='word_1_198' title='bbox 1150 4162 1224 4231; x_wconf 84' lang='grc' dir='ltr'>ἀνε-</span> 
     </span>
     <span class='ocr_line' id='line_1_28' title="bbox 195 4259 1224 4353; baseline 0.004 -24"><span class='ocrx_word' id='word_1_199' title='bbox 195 4267 305 4352; x_wconf 66' lang='lat' dir='ltr'><strong>lenito,</strong></span> <span class='ocrx_word' id='word_1_200' title='bbox 332 4269 363 4331; x_wconf 84' lang='grc' dir='ltr'><strong>αἰ</strong></span> <span class='ocrx_word' id='word_1_201' title='bbox 387 4269 419 4332; x_wconf 78' lang='grc' dir='ltr'><strong>δέ</strong></span> <span class='ocrx_word' id='word_1_202' title='bbox 442 4265 466 4331; x_wconf 82' lang='grc' dir='ltr'><strong>κ’</strong></span> <span class='ocrx_word' id='word_1_203' title='bbox 487 4264 643 4348; x_wconf 66' lang='lat' dir='ltr'><strong>dentice,</strong></span> <span class='ocrx_word' id='word_1_204' title='bbox 668 4272 717 4332; x_wconf 73' lang='grc' dir='ltr'><strong>τὸν</strong></span> <span class='ocrx_word' id='word_1_205' title='bbox 739 4268 840 4331; x_wconf 77' lang='grc' dir='ltr'>τέκνον</span> <span class='ocrx_word' id='word_1_206' title='bbox 860 4271 865 4348; x_wconf 83' lang='grc' dir='ltr'>Ι</span> <span class='ocrx_word' id='word_1_207' title='bbox 885 4259 968 4353; x_wconf 76' lang='grc' dir='ltr'><strong>ἔμεν,</strong></span> <span class='ocrx_word' id='word_1_208' title='bbox 992 4268 1057 4333; x_wconf 77' lang='grc' dir='ltr'>ἐπεί</span> <span class='ocrx_word' id='word_1_209' title='bbox 1078 4292 1118 4332; x_wconf 84' lang='grc' dir='ltr'><strong>κα</strong></span> <span class='ocrx_word' id='word_1_210' title='bbox 1138 4269 1224 4333; x_wconf 84' lang='grc' dir='ltr'>πέντε</span> 
     </span>
    </p>
   </div>
   <div class='ocr_carea' id='block_1_12' title="bbox 156 4369 1225 4628">
    <p class='ocr_par' dir='ltr' id='par_1_12' title="bbox 156 4369 1225 4628">
     <span class='ocr_line' id='line_1_29' title="bbox 156 4369 1225 4457; baseline 0.004 -25"><span class='ocrx_word' id='word_1_211' title='bbox 156 4382 171 4430; x_wconf 83' lang='grc'><strong>5</strong></span> <span class='ocrx_word' id='word_1_212' title='bbox 195 4369 290 4446; x_wconf 62' lang='lat' dir='ltr'><strong>‚Fessa</strong></span> <span class='ocrx_word' id='word_1_213' title='bbox 304 4371 314 4455; x_wconf 83' lang='grc' dir='ltr'><strong>ΙΙ</strong></span> <span class='ocrx_word' id='word_1_214' title='bbox 328 4372 435 4456; x_wconf 80' lang='grc' dir='ltr'><strong>ἑβόντι.</strong></span> <span class='ocrx_word' id='word_1_215' title='bbox 476 4372 506 4434; x_wconf 86' lang='grc' dir='ltr'><strong>αἰ</strong></span> <span class='ocrx_word' id='word_1_216' title='bbox 536 4371 568 4435; x_wconf 80' lang='grc' dir='ltr'><strong>δέ</strong></span> <span class='ocrx_word' id='word_1_217' title='bbox 598 4395 637 4434; x_wconf 85' lang='grc' dir='ltr'><strong>κα</strong></span> <span class='ocrx_word' id='word_1_218' title='bbox 664 4371 700 4456; x_wconf 82' lang='grc' dir='ltr'><strong>μὲ</strong></span> <span class='ocrx_word' id='word_1_219' title='bbox 725 4369 850 4457; x_wconf 61' lang='lat' dir='ltr'><strong>*pinaculo</strong></span> <span class='ocrx_word' id='word_1_220' title='bbox 878 4395 1026 4448; x_wconf 80' lang='grc' dir='ltr'>πετνετον,</span> <span class='ocrx_word' id='word_1_221' title='bbox 1058 4369 1225 4437; x_wconf 82' lang='grc' dir='ltr'>ἑπιδικατὸν</span> 
     </span>
     <span class='ocr_line' id='line_1_30' title="bbox 194 4465 1090 4560; baseline 0.001 -23"><span class='ocrx_word' id='word_1_222' title='bbox 194 4465 276 4558; x_wconf 75' lang='grc' dir='ltr'>ἔμεν.</span> <span class='ocrx_word' id='word_1_223' title='bbox 299 4477 304 4553; x_wconf 81' lang='lat' dir='ltr'><strong>l</strong></span> <span class='ocrx_word' id='word_1_224' title='bbox 324 4477 481 4559; x_wconf 65' lang='lat' dir='ltr'><strong>dioprepes</strong></span> <span class='ocrx_word' id='word_1_225' title='bbox 505 4473 537 4537; x_wconf 81' lang='grc' dir='ltr'><strong>δὲ</strong></span> <span class='ocrx_word' id='word_1_226' title='bbox 559 4471 609 4546; x_wconf 82' lang='grc' dir='ltr'><strong>τὸς</strong></span> <span class='ocrx_word' id='word_1_227' title='bbox 631 4470 805 4559; x_wconf 73' lang='grc' dir='ltr'>Τεγεάτα[ς]</span> <span class='ocrx_word' id='word_1_228' title='bbox 830 4477 834 4556; x_wconf 85' lang='grc' dir='ltr'>Ι</span> <span class='ocrx_word' id='word_1_229' title='bbox 853 4472 941 4539; x_wconf 82' lang='grc' dir='ltr'>κατὸν</span> <span class='ocrx_word' id='word_1_230' title='bbox 965 4471 1090 4560; x_wconf 66' lang='lat' dir='ltr'><strong>caepio.</strong></span> 
     </span>
     <span class='ocr_line' id='line_1_31' title="bbox 1027 4579 1062 4628; baseline 0 -18"><span class='ocrx_word' id='word_1_231' title='bbox 1027 4579 1062 4628; x_wconf 62' lang='grc' dir='ltr'><strong>μ</strong></span> 
     </span>
    </p>
   </div>
   <div class='ocr_carea' id='block_1_13' title="bbox 0 0 1624 5198">
    <p class='ocr_par' dir='ltr' id='par_1_13' title="bbox 0 0 1624 5198">
     <span class='ocr_line' id='line_1_32' title="bbox 0 0 1624 5198; baseline 0 0"><span class='ocrx_word' id='word_1_232' title='bbox 0 0 1624 5198; x_wconf 95' lang='lat' dir='ltr'><strong> </strong></span> 
     </span>
    </p>
   </div>
  </div>
 </body>
</html>
