3238 5198
628 327 768 378 Messenia.
1246 326 1285 386 25

212 536 310 617 κλῦγκα
332 533 360 597 οἱ
384 532 466 619 ἱεροί,
494 528 544 596 καί
567 526 729 615 ἀνοιγόντω
751 527 817 596 κατ’
845 525 978 596 ἐνιαυτὸν
1000 531 1060 603 τοῖς
1077 531 1245 618 μυστηρίοις

210 631 275 718 [καί]
302 631 335 700 τὸ
364 633 563 720 έξαριθμηθὲν
595 629 737 721 διάφορον
768 635 810 718 έίξ]
828 635 832 714 ί
853 633 994 720 ἑκατέρου
1016 637 1068 697 τοῦ
1092 635 1247 720 θησαυροῦ

212 732 303 823 χωρίς
333 733 499 823 γράψαντες
529 734 774 822 [είσὶενεγκάντω,
806 733 959 801 ἀποδόντω
990 735 1022 801 δὲ
1048 734 1099 801 καὶ
1123 735 1245 801 Μνασι-

211 835 327 926 στροὶτιρ
349 835 382 904 τὸ
404 835 557 926 γινόμενον
582 837 677 927 αόίτῷ]
699 836 861 928 διάφορον,
893 836 995 914 καθιῦς
1018 841 1049 905 ἑν
1072 841 1123 927 τίῷ
1142 845 1146 920 ἱ
1167 841 1245 924 διὶσ-

212 939 366 1030 γράμματι
392 943 566 1030 γέγραπται.
596 941 749 1030 -Ἱεροῦ
780 943 917 1008 δείπνου·
949 945 977 1008 οἱ
1008 942 1080 1030 ἱεροί
1110 939 1167 1008 ἀπὸ
1189 947 1245 1008 τιῦν

214 1043 354 1133 θυμάτων
376 1052 435 1111 τῶν
459 1043 612 1134 ἀγομένων
635 1049 666 1111 ἐν
689 1051 726 1133 τᾷ
741 1052 844 1133 πομπᾷ
860 1043 1019 1134 ἀφελόντες
1035 1043 1106 1134 ἀφ’]
1120 1041 1246 1112 ἑκάστου

211 1147 247 1215 τά
270 1145 404 1236 νόμιίίμα]
424 1151 485 1223 τοῖς
506 1152 586 1223 θεοῖς
607 1147 650 1233 [τά
674 1147 769 1234 λοιὶπά
791 1151 865 1236 κρέα
886 1147 1187 1238 καταχρησάσθωσαν
1203 1152 1246 1224 εἰς

211 1251 243 1320 τὸ
268 1251 345 1340 ἱερὸν
369 1255 485 1318 δεῖπνον
509 1249 583 1338 μετὰ
605 1260 657 1318 τᾶν
683 1255 763 1341 ἱερᾶν
786 1253 838 1320 καί
859 1255 1037 1342 παρθένων,
1068 1253 1119 1318 καί
1140 1279 1244 1342 παρα-

213 1351 347 1445 λαβόντω
375 1353 424 1422 τόν
455 1383 487 1422 τε
519 1359 582 1444 ἱερῆ
603 1362 608 1438 Ι
632 1355 693 1439 [καί
721 1355 785 1441 τάν]
819 1359 916 1446 ἱέρεαν
945 1361 996 1423 τοῦ
1020 1356 1169 1445 Καρνείου
1195 1357 1246 1423 καί

212 1461 435 1548 Μνασὶστρατον
465 1458 515 1526 καί
543 1456 596 1526 τάν
626 1462 753 1548 γυναῖκα
781 1460 833 1526 καί
861 1458 914 1537 τάς
943 1458 1046 1549 γενεάς
1077 1457 1168 1526 αῦτοῦ
1196 1459 1246 1526 καί

143 1579 191 1628 100
212 1569 272 1633 τιῦν
300 1569 435 1652 τεχνιτῦιν
457 1561 525 1639 τοῦς
547 1561 833 1652 λειΙίτουργήὶσαντας
868 1568 909 1650 [ἐν
932 1567 1006 1647 ταῖς]
1038 1565 1172 1653 χορείαις
1195 1565 1246 1631 καί

210 1674 262 1735 τῦιν
287 1665 450 1757 θπηρεσιῦιν
473 1665 540 1743 τοῦς
564 1673 805 1756 λειτουργοῦντας
828 1666 939 1749 αῦτοῖς,
964 1667 1016 1734 καί
1038 1672 1081 1743 εἰς
1102 1665 1140 1736 τά
1155 1666 1245 1735 λοιπά

214 1768 416 1859 δαπανάματα
439 1769 478 1858 μή
501 1773 602 1838 πλεῖον
619 1768 766 1858 ἀνάλωμα
785 1777 790 1855 Ι
814 1773 1030 1856 [ποιείσὶθωσαν
1043 1823 1049 1837 .
1061 1799 1078 1833 ιι
1090 1823 1117 1838 ..
1145 1776 1245 1861 δραχ-

213 1881 282 1962 μῦιν.
310 1913 347 1925 -
370 1873 510 1963 Ἀγοράς’
536 1877 564 1940 οἱ
588 1875 659 1963 ἱεροί
682 1871 770 1942 τόπον
795 1873 1013 1956 ἀποδειξάντω,
1038 1878 1069 1942 έν
1092 1869 1118 1965 ᾧ
1139 1902 1244 1964 παρα-

212 1977 337 2066 θήσεται
357 1975 464 2045 πάντα.
504 1974 519 2044 δ
544 1979 577 2044 δὲ
601 1975 787 2067 ἀγορανόμος
809 1975 889 2045 ῦέπὶ
902 1976 1008 2054 πόλεος
1027 1985 1032 2063 1
1056 1982 1243 2066 [ἐπιὶμέλειαν

211 2085 317 2172 ἐχέτω,
345 2078 425 2156 ἱίπως
448 2084 475 2148 οἱ
497 2087 665 2156 πωλοῦντες
688 2075 785 2150 ἀδολα
806 2082 858 2150 καί
880 2082 1002 2170 καθαρά
1024 2087 1171 2150 πωλοῦντι
1192 2084 1243 2151 καί

211 2192 346 2276 χρῶνται
374 2189 517 2273 σταθμοῖς
546 2186 597 2252 καί
624 2188 739 2274 μέτροις
762 2183 929 2274 συμφώνως
951 2185 1016 2252 ποτί
1038 2185 1075 2253 τά
1098 2184 1240 2275 δημόσια,

210 2291 273 2378 καίὶί
299 2287 344 2376 μὶἡ
367 2292 511 2371 τασσέτω,
536 2286 630 2356 πόσου
653 2293 698 2356 δεῖ
718 2291 839 2370 πωλεῖν,
873 2290 949 2377 μηδὲ
971 2288 1074 2379 καιρὸν
1097 2293 1240 2373 τασσίτω,

211 2395 288 2481 μηδὲ
317 2395 472 2482 πρασσέτω
503 2392 608 2481 μηθείς
637 2391 704 2467 τοῦς
731 2399 903 2468 πωλοῦντας
932 2399 984 2460 τοῦ
1011 2391 1101 2461 τόπου
1132 2397 1239 2482 μηθέν,

209 2496 277 2573 τοῦς
300 2498 333 2564 δὲ
356 2495 395 2584 μή
419 2502 611 2584 πωὶλοῦντας,
635 2494 739 2571 καθώς
761 2499 936 2585 γέγραπται,
960 2495 1027 2572 τοῦς
1044 2499 1095 2585 μὲν
1120 2496 1242 2574 δοῦλους

211 2597 416 2688 μαστιγοότω,
444 2598 511 2676 τοῦς
534 2601 567 2666 δὲ
590 2602 766 2689 ἐλευθέρους
790 2597 940 2687 ζαμιοιῖτω
963 2600 1057 2668 εἴκοσι
1080 2605 1241 2690 δραχμαῖς,

141 2719 187 2769 105
210 2705 262 2771 καί
284 2702 317 2772 τὸ
332 2707 424 2794 κρίμα
439 2705 515 2771 ἔστω
531 2704 578 2770 ἐπί
593 2709 652 2770 τιῦν
671 2707 767 2792 ἱερῶν.
792 2705 796 2792 ἱ
816 2744 856 2754 -
881 2703 976 2794 [Περί]
996 2701 1121 2780 θδατος·
1146 2707 1242 2795 ἐχέτω

209 2809 241 2875 δὲ
264 2811 436 2895 ἐπιμέλειαν
459 2805 475 2875 ῦ
499 2804 684 2896 ἀγορανόμος
708 2807 758 2874 καί
779 2807 911 2896 περὶτοῦ
928 2803 1046 2888 ῦδατος,
1071 2805 1150 2884 ἱὶπως
1166 2807 1242 2876 κατὰ

208 2911 258 2978 τὸν
280 2919 332 2987 τῦς
353 2909 534 3000 παναγόριος
557 2909 665 3001 χρόνον
689 2911 794 2999 μηθείς
811 2914 965 2980 κακοποιεῖ
981 2910 1054 2999 μήτε
1071 2913 1075 2998 ἱ
1096 2911 1138 2997 [τὸ
1153 2917 1241 3000 πὶλῇ-

209 3041 251 3102 μα
280 3013 353 3103 μήτε
382 3014 449 3091 τοῦς
478 3013 600 3104 ὀχετοῦς
629 3013 702 3102 μήτε
731 3010 767 3082 ἀν
797 3043 825 3082 τι
853 3009 927 3084 ἀλλο
950 3019 1189 3084 κατασκευασθεῖ
1210 3020 1241 3083 ἐν

207 3124 249 3207 τῷ
280 3123 351 3207 ἱερῷ
379 3117 467 3208 χάριν
491 3125 542 3185 τοῦ
566 3115 690 3199 ῦδατος,
722 3119 772 3185 καί
792 3116 889 3200 θπως,
920 3117 1024 3195 καθυὶς
1048 3115 1083 3186 ἀν
1107 3123 1242 3208 μερισθεῖ

159 3233 164 3240 ’
207 3216 239 3288 τῦ
270 3219 367 3311 θδωρ,
400 3222 451 3288 καί
481 3222 601 3310 μὶηγθεὶς
631 3220 808 3306 ἀλιτοκωλόει
832 3221 899 3298 τοῦς
922 3226 1105 3312 χρωμένους.
1149 3219 1184 3289 ἀν
1208 3226 1241 3290 δέ

206 3351 272 3392 τινα
295 3322 441 3414 λαμβάνει
463 3322 604 3394 ποιοῦντά
626 3353 654 3391 τι
676 3333 734 3391 τῶν
757 3329 984 3414 κεκωλυμένων,
1014 3327 1063 3393 τὸν
1088 3327 1140 3414 μὲν
1165 3332 1239 3394 δοῦ-

207 3436 259 3496 λον
283 3426 478 3516 μαστιγοότω,
505 3426 554 3495 τὸν
578 3430 611 3496 δὲ
633 3426 791 3518 ἐλεόθερον
818 3427 998 3518 [ζαμιὶοότω]
1024 3428 1118 3498 εἴκοσι
1140 3436 1240 3521 δραχ-

209 3535 289 3618 μαῖς,
313 3531 363 3599 καί
385 3531 417 3599 τὸ
440 3534 532 3621 κρίμα
554 3534 631 3598 ἔστω
653 3533 781 3600 ἐπὶτῶν
806 3536 904 3623 ἱεριῦν.
925 3573 961 3582 -
976 3532 1168 3621 Ἀλείμματος
1190 3535 1241 3600 καί

206 3643 350 3725 λουτροῦ
384 3635 400 3702 ῦ
423 3635 609 3724 ἀγορανόμος
632 3640 804 3723 ἐπιμέλειαν
827 3640 943 3726 ἐχέτω,
974 3632 1054 3712 όπως
1077 3642 1105 3704 οἱ
1128 3641 1238 3706 θέλον-

205 3741 276 3828 τεςΙ
300 3737 492 3829 [βαλανειίεὶιν
523 3744 556 3806 ἐκ
585 3747 644 3806 τῶν
676 3744 762 3829 ἱεροῦν
794 3739 834 3827 μὴ
857 3743 958 3808 πλεῖον
980 3738 1150 3830 πράσσωντι
1172 3741 1239 3816 τοῦς

206 3846 385 3932 λουομένους
408 3841 461 3909 δόο
484 3849 607 3932 χαλκῶν
630 3845 682 3911 καί
702 3847 874 3933 παρέχωντι
895 3849 953 3933 πῦρ
976 3845 1027 3911 καί
1050 3845 1166 3934 μάκραν
1182 3839 1238 3913 εῦ-

137 3961 184 4012 110
206 3975 312 4037 κρατον
335 3947 385 4013 καί
405 3950 466 4021 τοῖς
489 3947 772 4035 κατακλυὶἱίομένοις
794 3943 880 4036 ῦὶδωρ
904 3942 1057 4036 εῦκρατον,
1087 3949 1137 4016 καὶ
1159 3945 1238 4025 ῦπως

204 4049 220 4117 ό
244 4048 434 4139 ἐγδεξάμενος
463 4055 520 4117 τιῦν
552 4047 644 4124 Ειὶλων
675 4049 727 4118 τάν
756 4048 892 4140 παροχάν
923 4055 964 4126 εἰς
992 4050 1025 4118 τὸ
1048 4051 1238 4142 ἀλειπτήριον

204 4157 332 4243 παρέχει
354 4152 426 4227 ξόλα
448 4153 498 4220 καί
522 4152 595 4244 ξηρὰ
618 4155 669 4221 καὶ
693 4151 780 4221 ἱκανά
802 4158 862 4229 τοῖς
888 4153 1140 4244 [ἀλγειφίοίμένοις]
1167 4155 1235 4223 κατ’

207 4257 320 4345 ἁμέραν
345 4254 403 4324 ἀπό
426 4257 566 4347 τετάρτας
590 4253 670 4346 ιῦρας
692 4261 749 4332 ἕως
772 4255 918 4346 ἑβδόμας·
948 4262 1053 4334 δοῦλος
1076 4261 1109 4325 δὲ
1133 4258 1238 4346 μηθείς

122 4417 125 4423 ,
206 4359 389 4449 ἀλειφέσθω.
436 4363 464 4424 οἱ
493 4361 525 4426 δὲ
556 4359 628 4449 ἱεροί
649 4357 830 4448 ἐγδιδόιντω
852 4360 905 4427 τάν
927 4359 1065 4450 παροχάν
1087 4367 1146 4428 τῶν
1173 4359 1237 4447 [ξό-

205 4469 264 4530 λων
284 4470 290 4546 Ι
309 4465 351 4538 εἱς
373 4461 417 4549 τὸ]
448 4461 649 4552 ἀλειπτήριον.
697 4459 734 4530 ἀν
765 4466 797 4530 δέ
826 4489 870 4539 τις
899 4470 956 4530 τιῦν
987 4467 1188 4551 ἐγδεὶαμένων
1217 4492 1235 4530 τ
