3238 5198
314 335 353 376 xit
811 317 991 366 Prooemium.

313 572 495 633 nominatim
519 570 709 630 afferrentur
736 567 833 646 l‘dial.
852 566 951 628 Aeol)
974 589 1005 648 p.
1027 569 1173 650 l9sqq.).
1213 569 1271 631 sed
1288 580 1386 630 restat
1402 589 1511 648 quae-

313 693 387 768 stio,
422 709 503 769 quac
534 686 760 749 vetustioribus
791 697 821 748 et
852 687 1083 749 recentioribus
1112 689 1213 750 titulis
1238 691 1413 750 communis
1438 698 1503 766 est,

314 812 340 870 si
364 807 493 889 quidem
518 827 558 869 en
579 816 764 868 neutrorum
788 808 944 886 scriptura
968 806 1143 886 quidquam
1167 809 1237 870 elici
1262 819 1382 888 potest,
1414 807 1508 888 quod

314 929 354 991 ad
376 949 445 990 eam
468 926 650 988 solvendam
672 925 794 1005 aliquid
816 926 968 987 conferat.
1016 938 1165 988 accentus
1188 929 1273 988 enim
1294 926 1335 988 ab
1352 926 1507 988 omnibus

313 1050 452 1110 omnium
475 1048 680 1109 dialectorum
705 1045 901 1107 documentis
929 1047 1140 1126 epigraphicis
1163 1048 1229 1126 pari
1255 1047 1346 1108 modo
1370 1047 1500 1125 desunt,

313 1189 383 1231 cum
407 1177 527 1230 constet
550 1185 602 1227 eos
624 1167 656 1224 in
679 1164 817 1226 diversis
832 1165 974 1227 dialectis
990 1167 1066 1227 satis
1081 1166 1217 1228 diversis
1234 1166 1409 1228 rationibus
1424 1185 1501 1244 pro·
1591 1173 1593 1178 '

312 1290 470 1349 nuntiatos
499 1305 579 1347 csse.
627 1284 683 1346 sed
712 1289 859 1364 quoniam
890 1287 1069 1346 testimonia
1103 1297 1249 1347 veterum
1280 1288 1503 1366 grammatico-

315 1427 395 1486 rum,
423 1406 540 1485 quibus
563 1404 629 1466 fere
652 1405 725 1465 solis
748 1414 854 1465 nostra
877 1404 917 1465 de
940 1414 1003 1465 toto
1019 1407 1078 1466 hoc
1093 1425 1209 1485 genere
1225 1405 1357 1466 scientia
1374 1407 1498 1484 nititur,

312 1547 371 1589 neo
400 1526 497 1587 multa
527 1534 600 1586 sunt
630 1534 661 1585 et
690 1525 803 1585 misere
827 1524 971 1604 dispersa
995 1535 1026 1586 et
1049 1527 1135 1586 inter
1157 1544 1191 1586 se
1214 1543 1327 1604 parum
1351 1543 1498 1604 congrua,

314 1646 470 1708 industria
504 1645 643 1705 virorum
676 1642 857 1722 doctorum,
903 1647 958 1724 qui
993 1643 1033 1705 de
1067 1646 1116 1706 his
1157 1643 1254 1706 rebus
1287 1645 1497 1725 scripserunt,

313 1785 375 1827 non
397 1783 495 1844 pauca
519 1764 664 1843 reliquit,
698 1762 738 1824 de
762 1762 879 1842 quibus
903 1766 996 1828 etiam
1019 1785 1105 1826 nunc
1127 1765 1337 1826 vehementer
1359 1764 1501 1826 dubitari

313 1886 422 1966 possit.
470 1903 541 1944 nam
564 1884 592 1944 si
616 1884 661 1943 eis
684 1883 793 1961 paucis
815 1901 871 1943 nos
894 1883 1137 1961 contineremus,
1163 1902 1245 1962 quaa
1268 1883 1361 1944 nobis
1385 1885 1423 1946 de
1445 1903 1501 1944 ac-

312 2013 407 2067 centu
430 2005 625 2084 singulorum
649 2000 873 2062 vocabulorum
896 2013 949 2062 aut
971 2003 1167 2081 singularum
1191 2001 1373 2081 formarum,
1398 2004 1501 2083 qualis

312 2127 345 2185 in
368 2125 427 2185 hac
448 2123 500 2184 vel
523 2124 574 2183 illa
599 2121 730 2183 dialecto
754 2119 867 2194 fuerit,
892 2122 1006 2184 tradita
1030 2131 1114 2200 sunt,
1140 2123 1322 2183 universam
1346 2125 1499 2184 rationem

313 2254 461 2305 accentus
477 2243 587 2303 Graeci
611 2261 681 2302 eam
707 2239 916 2318 efficeremus,
942 2259 1080 2320 quaese
1104 2243 1169 2321 ipsa
1194 2261 1325 2322 prorsus
1349 2242 1499 2304 destituta

314 2362 412 2424 fuisse
435 2360 604 2424 iudicanda
627 2371 721 2422 esset.
770 2361 819 2420 sin
844 2379 883 2420 ex
906 2362 1047 2439 analogia
1069 2380 1243 2439 paucorum
1268 2363 1495 2442 exemplorum,

315 2500 396 2561 quae
419 2483 488 2561 ipsa
510 2482 543 2540 in
559 2481 748 2540 testimoniis
763 2489 908 2539 veterum
924 2493 1219 2559 commemorantur,
1245 2483 1339 2542 latius
1356 2492 1500 2562 patentes

313 2603 400 2681 leges
424 2602 505 2661 iusta
529 2600 765 2660 ratiocinatione
788 2599 1024 2677 colligeremus,
1054 2601 1214 2662 nonnullis
1237 2601 1408 2680 speciebus
1430 2621 1501 2662 ser-

314 2722 416 2781 monis
446 2720 556 2780 Graeci
593 2737 661 2780 eam
690 2719 843 2779 rationem
877 2717 1105 2798 pronuntiandi
1135 2721 1384 2797 inculcaremus,
1418 2741 1499 2801 quae

272 2907 277 2915 ¹
315 2842 373 2901 etsi
397 2839 493 2900 certis
523 2837 640 2917 regulis
668 2840 836 2900 constituta
867 2848 964 2916 esset,
1001 2849 1106 2899 tamen
1129 2839 1169 2900 ab
1193 2859 1229 2901 eo
1252 2840 1354 2902 colore
1377 2842 1501 2921 graeci-

314 2960 403 3036 tatis,
437 2977 532 3038 quem
564 2976 620 3018 nos
643 2958 855 3036 novissemus,
890 2960 933 3040 ita
955 2957 1156 3037 abhorreret,
1192 2969 1244 3034 ut,
1271 2963 1327 3038 qui
1352 2963 1381 3022 ei
1405 2960 1500 3022 fidem

314 3078 464 3154 haberet,
501 3079 556 3138 vix
578 3078 752 3156 quisquam
786 3079 914 3157 cogitari
948 3087 1064 3157 posset.
1112 3077 1262 3140 videlicet
1297 3078 1337 3140 ab
1364 3089 1500 3160 utraque

314 3207 403 3278 parte
427 3195 587 3258 commoda
609 3206 640 3258 et
663 3196 857 3258 incommoda
881 3198 964 3257 inter
986 3216 1020 3257 se
1044 3197 1239 3259 concilianda
1262 3218 1348 3277 esse,
1381 3201 1414 3260 in
1438 3219 1499 3280 quo

314 3327 427 3379 natura
449 3318 496 3377 rei
519 3315 590 3392 lert,
615 3326 651 3378 ut
673 3335 748 3376 sano
771 3319 870 3396 magis
893 3335 988 3378 sensu
1011 3335 1105 3396 quam
1129 3319 1236 3378 stricta
1259 3321 1380 3381 ratione
1403 3340 1500 3400 agen-

315 3435 391 3498 dum
420 3438 471 3496 sit.
519 3454 613 3514 quam
643 3435 683 3496 ob
712 3456 780 3498 rem
805 3437 1012 3497 vehementer
1034 3455 1164 3514 vereor,
1196 3447 1233 3498 ut
1255 3457 1292 3498 ea
1314 3449 1497 3519 praecepta,

316 3574 397 3635 quae
421 3557 489 3634 ipse
512 3557 587 3617 mihi
610 3557 776 3635 proposui,
809 3555 913 3617 multis
936 3555 1124 3634 probaturus
1147 3557 1218 3616 sim.
1265 3576 1373 3637 neque
1396 3569 1500 3620 tamen

316 3693 395 3755 opus
418 3693 488 3736 esse
510 3677 619 3756 putavi
643 3694 678 3736 ea
703 3676 848 3736 hocloco
871 3674 1017 3754 pluribus
1040 3676 1148 3737 verbis
1164 3671 1323 3757 explicare
1341 3686 1372 3738 et
1388 3678 1500 3740 delen-

316 3794 409 3874 dere,
436 3796 510 3874 quia
533 3813 595 3856 non
619 3804 783 3857 accentum
806 3795 961 3856 Graecum
983 3796 1111 3875 propria
1134 3797 1319 3875 quaestione
1343 3799 1500 3859 illustrare

315 3913 373 3976 sed
402 3933 519 3994 pauca,
552 3934 632 3994 quae
663 3915 703 3977 ad
732 3933 825 3976 usum
855 3914 951 3976 huius
981 3915 1079 3976 libelli
1110 3918 1287 3978 necessaria
1316 3928 1438 3996 essent,
1472 3919 1500 3979 ei

314 4035 518 4113 praemittere
542 4037 677 4096 institui.
724 4053 878 4096 summam
902 4045 1007 4096 autem
1030 4035 1099 4097 eius
1121 4037 1263 4114 rationis,
1289 4054 1385 4115 quam
1409 4039 1441 4098 in
1465 4057 1500 4097 eo

315 4164 443 4216 secutus
466 4156 536 4230 sim,
562 4152 702 4215 breviter
724 4153 917 4233 significabo.

401 4282 433 4334 et
455 4275 595 4354 primum
618 4272 747 4353 quidem
771 4272 974 4354 harytonesin
998 4273 1126 4336 dialecti
1149 4271 1292 4336 Aeolicae
1317 4275 1399 4336 intra
1422 4275 1501 4336 fines
