3238 5198
629 343 810 392 Prooemium.
881 361 882 367 ¹

130 599 220 678 longe
243 606 448 677 superarent,
475 615 493 657 a
516 597 674 676 proposito
696 617 766 660 meo
789 616 851 658 nou
873 598 1012 660 alienum
1036 616 1105 659 esse
1128 599 1237 678 putavi
1261 599 1319 658 hoc

101 735 189 810 ⁸uno
212 716 373 796 exemplo,
407 735 469 797 quo
491 716 562 777 lieri
584 726 701 796 posset,
727 717 961 795 demonstrare,
989 736 1084 796 quam
1106 718 1315 810 multiplicem

127 835 346 897 diversitatem
372 837 547 897 communis
569 855 672 898 sermo
694 838 789 898 unius
811 856 874 898 non
897 839 941 898 ita
962 855 1095 916 magnae
1119 837 1258 917 regionis
1282 838 1315 898 iu

126 956 260 1034 singulis
282 955 407 1036 oppidis
430 957 515 1016 iuter
536 974 571 1017 se
594 957 671 1016 satis
692 956 882 1036 propinquis
905 955 1047 1018 subierit.
1094 974 1157 1034 qua
1180 976 1214 1018 re
1237 959 1315 1018 titu-

126 1075 172 1136 los
188 1075 356 1137 Cretenses
379 1077 520 1155 exceptis
542 1077 652 1156 paucis
674 1085 729 1137 aut
750 1077 934 1156 perexiguis
955 1086 1010 1138 aut
1025 1077 1175 1155 antiquae
1191 1076 1317 1138 Doridis

127 1195 333 1256 similitudine
363 1214 494 1275 prorsus
524 1194 686 1256 destitutis
714 1214 823 1257 omnes
853 1198 971 1276 recepi.
1020 1213 1092 1256 nam
1121 1214 1315 1275 quamquam

125 1314 274 1393 plerique
297 1333 407 1376 eorum
429 1333 535 1393 neque
557 1324 744 1394 argumento
768 1316 900 1377 multum
924 1315 1008 1376 inter
1026 1333 1059 1376 se
1082 1315 1233 1377 differunt
1256 1334 1315 1376 ue-

126 1453 189 1513 quc
211 1436 379 1495 vetustatis
394 1433 488 1496 laude
504 1435 648 1513 insignes
664 1443 747 1514 sunt,
775 1435 894 1514 quippe
917 1436 971 1513 qui
987 1444 1041 1496 aut
1057 1444 1192 1496 exeunte
1209 1435 1314 1497 seculo

126 1574 155 1615 a.
182 1554 256 1615 Chr.
281 1555 375 1615 tertio
397 1563 452 1615 aut
475 1554 605 1616 ineunte
621 1553 761 1615 secundo
776 1553 937 1635 lapidibus
953 1554 1097 1634 inscripti
1113 1556 1187 1630 sint,
1206 1565 1312 1616 tamen

126 1674 337 1753 complurium
359 1673 548 1754 oppidorum
569 1675 658 1734 varia
681 1692 798 1753 genera
821 1672 950 1735 dicendi
972 1674 1046 1734 licet
1060 1674 1248 1753 pusillorum
1265 1673 1316 1736 di-

126 1795 312 1855 scriminum
343 1794 498 1873 exemplis
521 1793 682 1855 luculente
705 1794 875 1855 illustrant.
903 1827 940 1838 —
966 1795 1150 1873 ceteroquin
1179 1813 1240 1873 qua
1264 1814 1317 1856 ra·
1368 1823 1380 1853 ι

126 1915 211 1975 tione
241 1913 355 1975 ductus
384 1913 509 1994 singula
538 1912 800 1990 diiudicaverim,
833 1923 887 1975 aut
910 1914 967 1974 hoc
995 1914 1060 1973 loco
1088 1921 1142 1974 aut
1171 1914 1253 1975 infra
1282 1917 1315 1975 in

126 2031 383 2096 adnotationibus
411 2031 452 2094 ad
481 2033 623 2112 siugulas
651 2034 875 2114 inscriptiones
903 2051 1063 2113 exponere
1090 2034 1219 2112 longum
1242 2033 1312 2095 luit.

126 2172 232 2232 neque
262 2155 363 2231 enim,
397 2151 483 2232 quod
512 2153 574 2213 iam
604 2153 688 2228 dixi,
725 2162 810 2214 certa
839 2153 1012 2232 paucisque
1042 2151 1150 2214 verbis
1178 2155 1316 2214 circum-

126 2275 245 2352 scripta
273 2273 383 2352 regula
413 2273 485 2333 talis
520 2272 663 2334 delectus
693 2273 790 2333 statui
818 2282 951 2352 poterat.
997 2272 1105 2334 multis
1134 2273 1209 2334 locis
1237 2273 1314 2334 alios

127 2395 220 2454 aliter
248 2393 367 2454 sentire
398 2411 527 2453 necesse
550 2402 607 2453 est.
656 2391 713 2453 sed
736 2411 813 2452 num
837 2393 869 2451 in
892 2392 1077 2453 universum
1100 2411 1175 2453 sano
1199 2391 1315 2454 iudicio

125 2531 204 2574 usus
232 2513 309 2587 sim,
342 2511 433 2572 lacile
463 2510 693 2591 aestimabunt,
726 2512 781 2590 qui
809 2512 922 2572 harum
952 2531 1059 2573 rerum
1089 2513 1185 2591 periti
1209 2522 1314 2574 erunt.

126 2651 262 2711 quorum
286 2650 348 2691 non
371 2629 482 2692 dubito
505 2632 583 2710 quin
604 2649 769 2692 assensum
785 2631 907 2692 laturus
923 2631 993 2709 sim,
1019 2630 1104 2710 quod
1120 2630 1217 2693 studii
1233 2634 1317 2693 anti-

126 2753 279 2831 quitatem
303 2749 459 2826 imitandi,
485 2748 570 2829 quod
592 2751 819 2830 imperatorum
842 2752 1051 2811 Romanorum
1075 2760 1176 2812 aetate
1200 2750 1274 2812 inde
1297 2769 1315 2811 a

126 2873 230 2953 primo
246 2891 277 2950 p.
289 2870 363 2931 Chr.
379 2888 411 2929 n.
430 2870 535 2931 seculo
551 2869 741 2931 urbanitatis
754 2879 785 2930 et
798 2870 958 2931 doctrinae
973 2879 1133 2949 tamquam
1149 2870 1315 2932 abscessus

125 2992 243 3070 floruit,
270 2990 421 3052 nonnulla
444 2988 588 3068 exempla
612 2991 754 3069 apposui.
802 3008 874 3050 nam
895 2991 1040 3068 quamvis
1064 2989 1216 3051 ridiculus
1233 2999 1318 3052 esset

127 3130 216 3174 error
239 3111 317 3188 eiuS,
345 3111 400 3188 qui
422 3110 497 3170 talia
519 3108 640 3171 ludicra
662 3109 824 3170 doctrinae
848 3109 1069 3188 grammaticae
1091 3111 1240 3189 genuinis
1258 3107 1317 3169 do-

127 3209 283 3294 cumentis
305 3239 450 3291 vetustae
472 3229 637 3290 locutionis
659 3238 827 3307 aequaret,
853 3238 959 3290 tamen
981 3231 1091 3309 negari
1114 3248 1176 3290 non
1200 3237 1314 3308 potest,

125 3352 184 3414 ubi
213 3350 393 3428 antiquiora
422 3357 627 3410 monumenta
655 3357 709 3410 aut
738 3366 868 3428 prorsus
896 3348 1002 3410 desint
1023 3359 1077 3410 aut
1099 3351 1194 3410 nimis
1217 3371 1317 3430 pauca

128 3483 159 3533 et
182 3472 297 3550 exigua
320 3478 459 3543 exstent,
481 3486 581 3535 exea
604 3468 739 3547 imagine
762 3468 885 3546 priscae
909 3468 1042 3531 alicuius
1065 3468 1201 3545 dialecti,
1221 3489 1316 3550 quam

126 3592 189 3651 viri
212 3589 296 3650 docti
312 3588 494 3668 posterioris
509 3589 620 3649 aetatis
635 3586 697 3649 sibi
713 3586 874 3664 finxerint,
900 3587 1097 3668 aliquantum
1114 3589 1194 3650 disci
1210 3609 1314 3668 posse.

128 3707 277 3771 omnibus
306 3726 400 3783 vero,
434 3726 514 3786 quae
545 3726 609 3768 non
638 3708 736 3768 multa
766 3716 859 3785 sunt,
891 3708 986 3769 huius
1015 3709 1139 3788 generis
1162 3711 1316 3789 exemplis
1389 3699 1394 3710 '

128 3829 302 3908 adscripsi,
341 3846 403 3907 qua
434 3826 611 3888 conditione
649 3826 889 3906 quaestionibus
923 3829 1135 3906 grammaticis
1169 3829 1316 3890 adhiberi

128 3951 262 4029 possint.
278 3982 320 3994 -
331 3957 452 4008 tantum
469 3965 531 4008 nou
546 3965 675 4026 prorsus
687 3945 876 4008 omittendas
888 3965 958 4008 esse
969 3949 1080 4027 putavi
1096 3949 1319 4028 inscriptiones

128 4068 264 4144 Atticas,
289 4077 325 4128 ut
348 4085 482 4146 quarum
505 4086 605 4146 genus
628 4065 757 4127 dicendi
780 4065 940 4142 omnibus,
965 4069 1020 4147 qui
1044 4068 1163 4130 Graece
1185 4071 1314 4147 scirent,

127 4189 327 4248 notissimum
354 4195 449 4248 esset.
495 4186 684 4265 antiquioris
711 4205 787 4246 vero
816 4187 971 4248 sermonis
993 4189 1146 4268 vestigia,
1179 4189 1315 4266 quaein

127 4305 356 4368 vetustioribus
384 4306 486 4367 titulis
507 4303 620 4367 Atticis
643 4315 783 4384 exstant,
816 4315 881 4366 tom
904 4325 1004 4387 pauca
1027 4315 1117 4386 sunt,
1150 4315 1185 4369 ut
1208 4326 1316 4369 eorum
