<?xml version="1.0" encoding="UTF-8"?>
<!DOCTYPE html PUBLIC "-//W3C//DTD XHTML 1.0 Transitional//EN"
    "http://www.w3.org/TR/xhtml1/DTD/xhtml1-transitional.dtd">
<html xmlns="http://www.w3.org/1999/xhtml" xml:lang="en" lang="en">
 <head>
  <title>
</title>
<meta http-equiv="Content-Type" content="text/html;charset=utf-8" />
  <meta name='ocr-system' content='tesseract 3.04.00' />
  <meta name='ocr-capabilities' content='ocr_page ocr_carea ocr_par ocr_line ocrx_word'/>
</head>
<body>
  <div class='ocr_page' id='page_1' title='image "./delectusinscrip00cauegoog_0014.png"; bbox 0 0 3238 5198; ppageno 0'>
   <div class='ocr_carea' id='block_1_1' title="bbox 644 357 1328 421">
    <p class='ocr_par' dir='ltr' id='par_1_1' title="bbox 644 357 1328 421">
     <span class='ocr_line' id='line_1_1' title="bbox 644 357 1328 421; baseline -0.007 -11"><span class='ocrx_word' id='word_1_1' title='bbox 644 357 827 411; x_wconf 84' lang='lat' dir='ltr'><strong>Prooemium.</strong></span> <span class='ocrx_word' id='word_1_2' title='bbox 1298 379 1328 421; x_wconf 81' lang='lat' dir='ltr'><strong>xi</strong></span> 
     </span>
    </p>
   </div>
   <div class='ocr_carea' id='block_1_2' title="bbox 142 614 1334 1174">
    <p class='ocr_par' dir='ltr' id='par_1_2' title="bbox 142 614 1334 1174">
     <span class='ocr_line' id='line_1_2' title="bbox 143 614 1332 697; baseline 0.002 -19"><span class='ocrx_word' id='word_1_3' title='bbox 143 618 211 678; x_wconf 91' lang='lat' dir='ltr'><strong>sive</strong></span> <span class='ocrx_word' id='word_1_4' title='bbox 234 638 267 695; x_wconf 83' lang='lat' dir='ltr'><strong>e,</strong></span> <span class='ocrx_word' id='word_1_5' title='bbox 293 639 309 678; x_wconf 87' lang='grc' dir='ltr'>ο</span> <span class='ocrx_word' id='word_1_6' title='bbox 332 615 511 695; x_wconf 87' lang='lat' dir='ltr'><strong>significare</strong></span> <span class='ocrx_word' id='word_1_7' title='bbox 541 617 750 697; x_wconf 90' lang='lat' dir='ltr'><strong>videbantur,</strong></span> <span class='ocrx_word' id='word_1_8' title='bbox 784 635 845 678; x_wconf 94' lang='lat' dir='ltr'><strong>non</strong></span> <span class='ocrx_word' id='word_1_9' title='bbox 877 615 1028 691; x_wconf 81' lang='lat' dir='ltr'><strong>distinxi,</strong></span> <span class='ocrx_word' id='word_1_10' title='bbox 1061 614 1118 678; x_wconf 94' lang='lat' dir='ltr'><strong>sed</strong></span> <span class='ocrx_word' id='word_1_11' title='bbox 1145 618 1332 697; x_wconf 89' lang='lat' dir='ltr'><strong>simpliciter</strong></span> 
     </span>
     <span class='ocr_line' id='line_1_3' title="bbox 142 734 1332 818; baseline 0.001 -20"><span class='ocrx_word' id='word_1_12' title='bbox 142 755 202 816; x_wconf 91' lang='lat' dir='ltr'><strong>per</strong></span> <span class='ocrx_word' id='word_1_13' title='bbox 224 758 239 798; x_wconf 85' lang='grc' dir='ltr'>ε</span> <span class='ocrx_word' id='word_1_14' title='bbox 262 743 293 796; x_wconf 90' lang='lat' dir='ltr'><strong>et</strong></span> <span class='ocrx_word' id='word_1_15' title='bbox 315 758 331 797; x_wconf 89' lang='lat' dir='ltr'><strong>o</strong></span> <span class='ocrx_word' id='word_1_16' title='bbox 355 737 479 815; x_wconf 85' lang='lat' dir='ltr'><strong>scripsi.</strong></span> <span class='ocrx_word' id='word_1_17' title='bbox 526 736 673 816; x_wconf 91' lang='lat' dir='ltr'><strong>spiritum</strong></span> <span class='ocrx_word' id='word_1_18' title='bbox 703 754 871 816; x_wconf 89' lang='lat' dir='ltr'><strong>asperum,</strong></span> <span class='ocrx_word' id='word_1_19' title='bbox 903 734 959 796; x_wconf 90' lang='lat' dir='ltr'><strong>uhi</strong></span> <span class='ocrx_word' id='word_1_20' title='bbox 983 745 1055 796; x_wconf 92' lang='lat' dir='ltr'><strong>nota</strong></span> <span class='ocrx_word' id='word_1_21' title='bbox 1078 736 1146 797; x_wconf 94' lang='lat' dir='ltr'><strong>eius</strong></span> <span class='ocrx_word' id='word_1_22' title='bbox 1170 736 1203 796; x_wconf 92' lang='lat' dir='ltr'><strong>in</strong></span> <span class='ocrx_word' id='word_1_23' title='bbox 1225 737 1332 818; x_wconf 90' lang='lat' dir='ltr'><strong>lapide</strong></span> 
     </span>
     <span class='ocr_line' id='line_1_4' title="bbox 143 854 1332 936; baseline 0.003 -20"><span class='ocrx_word' id='word_1_24' title='bbox 143 855 271 932; x_wconf 89' lang='lat' dir='ltr'><strong>deerat,</strong></span> <span class='ocrx_word' id='word_1_25' title='bbox 305 856 398 916; x_wconf 89' lang='lat' dir='ltr'><strong>etiam</strong></span> <span class='ocrx_word' id='word_1_26' title='bbox 429 857 462 916; x_wconf 94' lang='lat' dir='ltr'><strong>in</strong></span> <span class='ocrx_word' id='word_1_27' title='bbox 493 855 673 936; x_wconf 90' lang='lat' dir='ltr'><strong>apographo</strong></span> <span class='ocrx_word' id='word_1_28' title='bbox 703 856 804 916; x_wconf 89' lang='lat' dir='ltr'><strong>omisi.</strong></span> <span class='ocrx_word' id='word_1_29' title='bbox 851 856 884 914; x_wconf 88' lang='lat' dir='ltr'><strong>in</strong></span> <span class='ocrx_word' id='word_1_30' title='bbox 915 873 977 934; x_wconf 87' lang='lat' dir='ltr'><strong>quo</strong></span> <span class='ocrx_word' id='word_1_31' title='bbox 1007 854 1118 916; x_wconf 89' lang='lat' dir='ltr'><strong>eadem</strong></span> <span class='ocrx_word' id='word_1_32' title='bbox 1149 857 1228 917; x_wconf 91' lang='lat' dir='ltr'><strong>ratio</strong></span> <span class='ocrx_word' id='word_1_33' title='bbox 1251 875 1332 936; x_wconf 88' lang='lat' dir='ltr'><strong>quae</strong></span> 
     </span>
     <span class='ocr_line' id='line_1_5' title="bbox 143 973 1330 1056; baseline 0.003 -21"><span class='ocrx_word' id='word_1_34' title='bbox 143 975 245 1036; x_wconf 92' lang='lat' dir='ltr'><strong>titulis</strong></span> <span class='ocrx_word' id='word_1_35' title='bbox 267 973 496 1037; x_wconf 89' lang='lat' dir='ltr'><strong>vetustioribus</strong></span> <span class='ocrx_word' id='word_1_36' title='bbox 519 977 612 1036; x_wconf 90' lang='lat' dir='ltr'><strong>etiam</strong></span> <span class='ocrx_word' id='word_1_37' title='bbox 636 974 753 1036; x_wconf 91' lang='lat' dir='ltr'><strong>tabulis</strong></span> <span class='ocrx_word' id='word_1_38' title='bbox 769 973 1032 1036; x_wconf 87' lang='lat' dir='ltr'><strong>Heracleensibus</strong></span> <span class='ocrx_word' id='word_1_39' title='bbox 1055 973 1236 1038; x_wconf 89' lang='lat' dir='ltr'><strong>adhihenda</strong></span> <span class='ocrx_word' id='word_1_40' title='bbox 1259 977 1330 1056; x_wconf 87' lang='lat' dir='ltr'><strong>luit,</strong></span> 
     </span>
     <span class='ocr_line' id='line_1_6' title="bbox 144 1094 1334 1174; baseline 0.003 -19"><span class='ocrx_word' id='word_1_41' title='bbox 144 1095 264 1174; x_wconf 83' lang='lat' dir='ltr'><strong>quippe</strong></span> <span class='ocrx_word' id='word_1_42' title='bbox 287 1112 368 1174; x_wconf 91' lang='lat' dir='ltr'><strong>quae</strong></span> <span class='ocrx_word' id='word_1_43' title='bbox 392 1094 450 1154; x_wconf 89' lang='lat' dir='ltr'><strong>etsi</strong></span> <span class='ocrx_word' id='word_1_44' title='bbox 475 1095 577 1155; x_wconf 90' lang='lat' dir='ltr'><strong>lonica</strong></span> <span class='ocrx_word' id='word_1_45' title='bbox 599 1094 763 1156; x_wconf 77' lang='lat' dir='ltr'><strong>literatura</strong></span> <span class='ocrx_word' id='word_1_46' title='bbox 787 1094 923 1173; x_wconf 85' lang='lat' dir='ltr'><strong>scriptae</strong></span> <span class='ocrx_word' id='word_1_47' title='bbox 946 1102 1051 1155; x_wconf 88' lang='lat' dir='ltr'><strong>tamen</strong></span> <span class='ocrx_word' id='word_1_48' title='bbox 1074 1104 1179 1156; x_wconf 92' lang='lat' dir='ltr'><strong>notam</strong></span> <span class='ocrx_word' id='word_1_49' title='bbox 1203 1097 1334 1174; x_wconf 93' lang='lat' dir='ltr'><strong>spiritus</strong></span> 
     </span>
    </p>
   </div>
   <div class='ocr_carea' id='block_1_3' title="bbox 43 1213 1334 1296">
    <p class='ocr_par' dir='ltr' id='par_1_3' title="bbox 43 1213 1334 1296">
     <span class='ocr_line' id='line_1_7' title="bbox 43 1213 1334 1296; baseline 0.002 -22"><span class='ocrx_word' id='word_1_50' title='bbox 43 1221 47 1226; x_wconf 82' lang='grc'><em>’</em></span> <span class='ocrx_word' id='word_1_51' title='bbox 145 1214 250 1292; x_wconf 89' lang='lat' dir='ltr'><strong>asperi</strong></span> <span class='ocrx_word' id='word_1_52' title='bbox 266 1223 398 1275; x_wconf 87' lang='lat' dir='ltr'><strong>strenue</strong></span> <span class='ocrx_word' id='word_1_53' title='bbox 414 1215 623 1274; x_wconf 90' lang='lat' dir='ltr'><strong>servaverint.</strong></span> <span class='ocrx_word' id='word_1_54' title='bbox 662 1213 772 1275; x_wconf 85' lang='lat' dir='ltr'><strong>literas</strong></span> <span class='ocrx_word' id='word_1_55' title='bbox 789 1215 963 1293; x_wconf 84' lang='lat' dir='ltr'><strong>explosivas</strong></span> <span class='ocrx_word' id='word_1_56' title='bbox 979 1224 1051 1276; x_wconf 89' lang='lat' dir='ltr'><strong>ante</strong></span> <span class='ocrx_word' id='word_1_57' title='bbox 1067 1214 1232 1276; x_wconf 88' lang='lat' dir='ltr'><strong>elisionem</strong></span> <span class='ocrx_word' id='word_1_58' title='bbox 1246 1218 1334 1296; x_wconf 91' lang='lat' dir='ltr'><strong>aspi-</strong></span> 
     </span>
    </p>
   </div>
   <div class='ocr_carea' id='block_1_4' title="bbox 145 1325 1334 1653">
    <p class='ocr_par' dir='ltr' id='par_1_4' title="bbox 145 1325 1334 1653">
     <span class='ocr_line' id='line_1_8' title="bbox 145 1325 1333 1416; baseline 0.003 -24"><span class='ocrx_word' id='word_1_59' title='bbox 145 1342 244 1410; x_wconf 88' lang='lat' dir='ltr'><strong>ratas,</strong></span> <span class='ocrx_word' id='word_1_60' title='bbox 279 1332 336 1394; x_wconf 93' lang='lat' dir='ltr'><strong>ubi</strong></span> <span class='ocrx_word' id='word_1_61' title='bbox 359 1333 391 1394; x_wconf 95' lang='lat' dir='ltr'><strong>in</strong></span> <span class='ocrx_word' id='word_1_62' title='bbox 413 1332 520 1412; x_wconf 91' lang='lat' dir='ltr'><strong>lapide</strong></span> <span class='ocrx_word' id='word_1_63' title='bbox 542 1344 656 1395; x_wconf 91' lang='lat' dir='ltr'><strong>tenues</strong></span> <span class='ocrx_word' id='word_1_64' title='bbox 679 1343 827 1394; x_wconf 86' lang='lat' dir='ltr'><strong>exaratae</strong></span> <span class='ocrx_word' id='word_1_65' title='bbox 849 1343 941 1394; x_wconf 91' lang='lat' dir='ltr'><strong>erant</strong></span> <span class='ocrx_word' id='word_1_66' title='bbox 968 1334 1065 1414; x_wconf 87' lang='lat' dir='ltr'><strong>(velut</strong></span> <span class='ocrx_word' id='word_1_67' title='bbox 1088 1326 1143 1395; x_wconf 85' lang='grc' dir='ltr'><strong>ἀπ’</strong></span> <span class='ocrx_word' id='word_1_68' title='bbox 1169 1325 1238 1416; x_wconf 79' lang='grc' dir='ltr'>οὗ),</span> <span class='ocrx_word' id='word_1_69' title='bbox 1263 1336 1333 1415; x_wconf 90' lang='lat' dir='ltr'><strong>ipse</strong></span> 
     </span>
     <span class='ocr_line' id='line_1_9' title="bbox 145 1452 1333 1534; baseline 0.002 -21"><span class='ocrx_word' id='word_1_70' title='bbox 145 1470 272 1532; x_wconf 87' lang='lat' dir='ltr'><strong>quoque</strong></span> <span class='ocrx_word' id='word_1_71' title='bbox 295 1453 337 1513; x_wconf 90' lang='lat' dir='ltr'><strong>ita</strong></span> <span class='ocrx_word' id='word_1_72' title='bbox 360 1453 485 1533; x_wconf 85' lang='lat' dir='ltr'><strong>scripsi.</strong></span> <span class='ocrx_word' id='word_1_73' title='bbox 533 1471 684 1513; x_wconf 88' lang='lat' dir='ltr'><strong>consonas</strong></span> <span class='ocrx_word' id='word_1_74' title='bbox 707 1452 896 1532; x_wconf 83' lang='lat' dir='ltr'><strong>geminatas,</strong></span> <span class='ocrx_word' id='word_1_75' title='bbox 923 1454 958 1513; x_wconf 91' lang='lat' dir='ltr'><strong>si·</strong></span> <span class='ocrx_word' id='word_1_76' title='bbox 973 1454 1005 1513; x_wconf 93' lang='lat' dir='ltr'><strong>iu</strong></span> <span class='ocrx_word' id='word_1_77' title='bbox 1029 1453 1135 1532; x_wconf 89' lang='lat' dir='ltr'><strong>lapide</strong></span> <span class='ocrx_word' id='word_1_78' title='bbox 1157 1472 1216 1534; x_wconf 92' lang='lat' dir='ltr'><strong>per</strong></span> <span class='ocrx_word' id='word_1_79' title='bbox 1237 1472 1333 1515; x_wconf 91' lang='lat' dir='ltr'><strong>unam</strong></span> 
     </span>
     <span class='ocr_line' id='line_1_10' title="bbox 145 1571 1334 1653; baseline 0.002 -21"><span class='ocrx_word' id='word_1_80' title='bbox 145 1572 270 1633; x_wconf 91' lang='lat' dir='ltr'><strong>literam</strong></span> <span class='ocrx_word' id='word_1_81' title='bbox 293 1573 431 1652; x_wconf 86' lang='lat' dir='ltr'><strong>scriptae</strong></span> <span class='ocrx_word' id='word_1_82' title='bbox 455 1581 554 1649; x_wconf 89' lang='lat' dir='ltr'><strong>erant,</strong></span> <span class='ocrx_word' id='word_1_83' title='bbox 582 1572 657 1632; x_wconf 88' lang='lat' dir='ltr'><strong>item</strong></span> <span class='ocrx_word' id='word_1_84' title='bbox 681 1590 742 1632; x_wconf 93' lang='lat' dir='ltr'><strong>non</strong></span> <span class='ocrx_word' id='word_1_85' title='bbox 766 1572 940 1651; x_wconf 88' lang='lat' dir='ltr'><strong>geminatas</strong></span> <span class='ocrx_word' id='word_1_86' title='bbox 962 1571 1100 1633; x_wconf 91' lang='lat' dir='ltr'><strong>reddidi.</strong></span> <span class='ocrx_word' id='word_1_87' title='bbox 1140 1573 1218 1634; x_wconf 90' lang='lat' dir='ltr'><strong>haec</strong></span> <span class='ocrx_word' id='word_1_88' title='bbox 1239 1592 1334 1653; x_wconf 88' lang='lat' dir='ltr'><strong>prae-</strong></span> 
     </span>
    </p>
   </div>
   <div class='ocr_carea' id='block_1_5' title="bbox 145 1691 1333 1771">
    <p class='ocr_par' dir='ltr' id='par_1_5' title="bbox 145 1691 1333 1771">
     <span class='ocr_line' id='line_1_11' title="bbox 145 1691 1333 1771; baseline 0.003 -20"><span class='ocrx_word' id='word_1_89' title='bbox 145 1700 254 1770; x_wconf 93' lang='lat' dir='ltr'><strong>cepta,</strong></span> <span class='ocrx_word' id='word_1_90' title='bbox 289 1700 320 1751; x_wconf 90' lang='lat' dir='ltr'><strong>et</strong></span> <span class='ocrx_word' id='word_1_91' title='bbox 343 1693 369 1752; x_wconf 90' lang='lat' dir='ltr'><strong>si</strong></span> <span class='ocrx_word' id='word_1_92' title='bbox 392 1709 472 1771; x_wconf 89' lang='lat' dir='ltr'><strong>quae</strong></span> <span class='ocrx_word' id='word_1_93' title='bbox 502 1691 562 1752; x_wconf 92' lang='lat' dir='ltr'><strong>alia</strong></span> <span class='ocrx_word' id='word_1_94' title='bbox 585 1691 699 1752; x_wconf 92' lang='lat' dir='ltr'><strong>similia</strong></span> <span class='ocrx_word' id='word_1_95' title='bbox 723 1699 815 1766; x_wconf 92' lang='lat' dir='ltr'><strong>sunt,</strong></span> <span class='ocrx_word' id='word_1_96' title='bbox 847 1709 919 1752; x_wconf 90' lang='lat' dir='ltr'><strong>cum</strong></span> <span class='ocrx_word' id='word_1_97' title='bbox 942 1709 1069 1771; x_wconf 89' lang='lat' dir='ltr'><strong>semper</strong></span> <span class='ocrx_word' id='word_1_98' title='bbox 1097 1693 1333 1754; x_wconf 88' lang='lat' dir='ltr'><strong>accuratissime</strong></span> 
     </span>
    </p>
   </div>
   <div class='ocr_carea' id='block_1_6' title="bbox 110 1809 1378 4401">
    <p class='ocr_par' dir='ltr' id='par_1_6' title="bbox 110 1809 1378 3563">
     <span class='ocr_line' id='line_1_12' title="bbox 145 1809 1334 1893; baseline 0.003 -22"><span class='ocrx_word' id='word_1_99' title='bbox 145 1809 362 1887; x_wconf 84' lang='lat' dir='ltr'><strong>observarem,</strong></span> <span class='ocrx_word' id='word_1_100' title='bbox 388 1811 488 1890; x_wconf 83' lang='lat' dir='ltr'><strong>effeci,</strong></span> <span class='ocrx_word' id='word_1_101' title='bbox 513 1821 549 1872; x_wconf 92' lang='lat' dir='ltr'><strong>ut</strong></span> <span class='ocrx_word' id='word_1_102' title='bbox 571 1811 609 1886; x_wconf 86' lang='lat' dir='ltr'><strong>is,</strong></span> <span class='ocrx_word' id='word_1_103' title='bbox 635 1810 690 1890; x_wconf 92' lang='lat' dir='ltr'><strong>qui</strong></span> <span class='ocrx_word' id='word_1_104' title='bbox 713 1810 844 1890; x_wconf 83' lang='lat' dir='ltr'><strong>legeret,</strong></span> <span class='ocrx_word' id='word_1_105' title='bbox 871 1828 978 1871; x_wconf 92' lang='lat' dir='ltr'><strong>veram</strong></span> <span class='ocrx_word' id='word_1_106' title='bbox 1002 1810 1170 1891; x_wconf 84' lang='lat' dir='ltr'><strong>imaginem</strong></span> <span class='ocrx_word' id='word_1_107' title='bbox 1193 1813 1334 1893; x_wconf 88' lang='lat' dir='ltr'><strong>seriptu-</strong></span> 
     </span>
     <span class='ocr_line' id='line_1_13' title="bbox 145 1927 1329 2011; baseline 0.002 -21"><span class='ocrx_word' id='word_1_108' title='bbox 145 1948 215 2007; x_wconf 92' lang='lat' dir='ltr'><strong>rae,</strong></span> <span class='ocrx_word' id='word_1_109' title='bbox 249 1948 311 2009; x_wconf 87' lang='lat' dir='ltr'><strong>qua</strong></span> <span class='ocrx_word' id='word_1_110' title='bbox 341 1931 459 2010; x_wconf 77' lang='lat' dir='ltr'><strong>singuli</strong></span> <span class='ocrx_word' id='word_1_111' title='bbox 486 1930 569 1991; x_wconf 92' lang='lat' dir='ltr'><strong>tituli</strong></span> <span class='ocrx_word' id='word_1_112' title='bbox 592 1927 703 1990; x_wconf 88' lang='lat' dir='ltr'><strong>traditi</strong></span> <span class='ocrx_word' id='word_1_113' title='bbox 727 1939 851 2005; x_wconf 89' lang='lat' dir='ltr'><strong>essent,</strong></span> <span class='ocrx_word' id='word_1_114' title='bbox 883 1929 1015 1992; x_wconf 89' lang='lat' dir='ltr'><strong>haberet</strong></span> <span class='ocrx_word' id='word_1_115' title='bbox 1037 1948 1144 2011; x_wconf 86' lang='lat' dir='ltr'><strong>neque</strong></span> <span class='ocrx_word' id='word_1_116' title='bbox 1167 1931 1231 1993; x_wconf 93' lang='lat' dir='ltr'><strong>ullo</strong></span> <span class='ocrx_word' id='word_1_117' title='bbox 1253 1932 1329 2010; x_wconf 86' lang='lat' dir='ltr'><strong>loco,</strong></span> 
     </span>
     <span class='ocr_line' id='line_1_14' title="bbox 146 2047 1333 2128; baseline 0.002 -18"><span class='ocrx_word' id='word_1_118' title='bbox 146 2051 201 2128; x_wconf 94' lang='lat' dir='ltr'><strong>qui</strong></span> <span class='ocrx_word' id='word_1_119' title='bbox 224 2048 456 2111; x_wconf 88' lang='lat' dir='ltr'><strong>dubitationem</strong></span> <span class='ocrx_word' id='word_1_120' title='bbox 478 2048 681 2126; x_wconf 88' lang='lat' dir='ltr'><strong>admitteret,</strong></span> <span class='ocrx_word' id='word_1_121' title='bbox 714 2047 865 2110; x_wconf 87' lang='lat' dir='ltr'><strong>iudicium</strong></span> <span class='ocrx_word' id='word_1_122' title='bbox 889 2051 958 2111; x_wconf 90' lang='lat' dir='ltr'><strong>eius</strong></span> <span class='ocrx_word' id='word_1_123' title='bbox 980 2069 1050 2111; x_wconf 90' lang='lat' dir='ltr'><strong>mea</strong></span> <span class='ocrx_word' id='word_1_124' title='bbox 1073 2051 1141 2110; x_wconf 90' lang='lat' dir='ltr'><strong>sive</strong></span> <span class='ocrx_word' id='word_1_125' title='bbox 1164 2049 1242 2112; x_wconf 83' lang='lat' dir='ltr'><strong>falsa</strong></span> <span class='ocrx_word' id='word_1_126' title='bbox 1265 2052 1333 2112; x_wconf 91' lang='lat' dir='ltr'><strong>sive</strong></span> 
     </span>
     <span class='ocr_line' id='line_1_15' title="bbox 145 2167 1333 2248; baseline 0.003 -20"><span class='ocrx_word' id='word_1_127' title='bbox 145 2178 229 2230; x_wconf 89' lang='lat' dir='ltr'><strong>recta</strong></span> <span class='ocrx_word' id='word_1_128' title='bbox 253 2169 512 2248; x_wconf 90' lang='lat' dir='ltr'><strong>transscriptione</strong></span> <span class='ocrx_word' id='word_1_129' title='bbox 534 2167 729 2231; x_wconf 89' lang='lat' dir='ltr'><strong>turbaretur.</strong></span> <span class='ocrx_word' id='word_1_130' title='bbox 770 2186 811 2228; x_wconf 87' lang='lat' dir='ltr'><strong>ne</strong></span> <span class='ocrx_word' id='word_1_131' title='bbox 833 2177 940 2230; x_wconf 91' lang='lat' dir='ltr'><strong>tamen</strong></span> <span class='ocrx_word' id='word_1_132' title='bbox 962 2167 1063 2229; x_wconf 87' lang='lat' dir='ltr'><strong>officio</strong></span> <span class='ocrx_word' id='word_1_133' title='bbox 1079 2169 1259 2248; x_wconf 86' lang='lat' dir='ltr'><strong>explicandi</strong></span> <span class='ocrx_word' id='word_1_134' title='bbox 1275 2170 1333 2232; x_wconf 91' lang='lat' dir='ltr'><strong>ad-</strong></span> 
     </span>
     <span class='ocr_line' id='line_1_16' title="bbox 144 2286 1333 2368; baseline 0.002 -19"><span class='ocrx_word' id='word_1_135' title='bbox 144 2307 258 2350; x_wconf 86' lang='lat' dir='ltr'><strong>versus</strong></span> <span class='ocrx_word' id='word_1_136' title='bbox 291 2306 362 2366; x_wconf 88' lang='lat' dir='ltr'><strong>eos,</strong></span> <span class='ocrx_word' id='word_1_137' title='bbox 398 2289 454 2367; x_wconf 91' lang='lat' dir='ltr'><strong>qui</strong></span> <span class='ocrx_word' id='word_1_138' title='bbox 484 2287 687 2349; x_wconf 90' lang='lat' dir='ltr'><strong>dialectorum</strong></span> <span class='ocrx_word' id='word_1_139' title='bbox 718 2286 908 2350; x_wconf 91' lang='lat' dir='ltr'><strong>Graecarum</strong></span> <span class='ocrx_word' id='word_1_140' title='bbox 940 2289 1094 2350; x_wconf 90' lang='lat' dir='ltr'><strong>minorem</strong></span> <span class='ocrx_word' id='word_1_141' title='bbox 1124 2289 1333 2368; x_wconf 90' lang='lat' dir='ltr'><strong>cognitionem</strong></span> 
     </span>
     <span class='ocr_line' id='line_1_17' title="bbox 145 2405 1333 2488; baseline 0.003 -21"><span class='ocrx_word' id='word_1_142' title='bbox 145 2407 317 2486; x_wconf 92' lang='lat' dir='ltr'><strong>haberent,</strong></span> <span class='ocrx_word' id='word_1_143' title='bbox 355 2405 493 2469; x_wconf 80' lang='lat' dir='ltr'><strong>defuisse</strong></span> <span class='ocrx_word' id='word_1_144' title='bbox 524 2406 667 2484; x_wconf 89' lang='lat' dir='ltr'><strong>viderer,</strong></span> <span class='ocrx_word' id='word_1_145' title='bbox 701 2408 734 2468; x_wconf 92' lang='lat' dir='ltr'><strong>in</strong></span> <span class='ocrx_word' id='word_1_146' title='bbox 765 2405 1022 2470; x_wconf 89' lang='lat' dir='ltr'><strong>adnotationibus</strong></span> <span class='ocrx_word' id='word_1_147' title='bbox 1050 2406 1220 2488; x_wconf 86' lang='lat' dir='ltr'><strong>adscripsi,</strong></span> <span class='ocrx_word' id='word_1_148' title='bbox 1254 2409 1333 2488; x_wconf 88' lang='lat' dir='ltr'><strong>quid</strong></span> 
     </span>
     <span class='ocr_line' id='line_1_18' title="bbox 147 2521 1335 2607; baseline 0.001 -20"><span class='ocrx_word' id='word_1_149' title='bbox 147 2545 274 2607; x_wconf 87' lang='lat' dir='ltr'><strong>quoque</strong></span> <span class='ocrx_word' id='word_1_150' title='bbox 304 2527 371 2588; x_wconf 90' lang='lat' dir='ltr'><strong>loeo</strong></span> <span class='ocrx_word' id='word_1_151' title='bbox 400 2537 455 2588; x_wconf 92' lang='lat' dir='ltr'><strong>aut</strong></span> <span class='ocrx_word' id='word_1_152' title='bbox 476 2521 502 2588; x_wconf 87' lang='lat' dir='ltr'>E</span> <span class='ocrx_word' id='word_1_153' title='bbox 525 2536 556 2589; x_wconf 87' lang='lat' dir='ltr'><strong>et</strong></span> <span class='ocrx_word' id='word_1_154' title='bbox 579 2521 604 2588; x_wconf 90' lang='grc'>0</span> <span class='ocrx_word' id='word_1_155' title='bbox 626 2527 739 2588; x_wconf 89' lang='lat' dir='ltr'><strong>literae</strong></span> <span class='ocrx_word' id='word_1_156' title='bbox 768 2536 823 2588; x_wconf 93' lang='lat' dir='ltr'><strong>aut</strong></span> <span class='ocrx_word' id='word_1_157' title='bbox 844 2527 905 2588; x_wconf 91' lang='lat' dir='ltr'><strong>alia</strong></span> <span class='ocrx_word' id='word_1_158' title='bbox 928 2526 1085 2606; x_wconf 87' lang='lat' dir='ltr'><strong>quaedam</strong></span> <span class='ocrx_word' id='word_1_159' title='bbox 1107 2528 1231 2588; x_wconf 92' lang='lat' dir='ltr'><strong>insolita</strong></span> <span class='ocrx_word' id='word_1_160' title='bbox 1254 2529 1335 2590; x_wconf 89' lang='lat' dir='ltr'><strong>scri-</strong></span> 
     </span>
     <span class='ocr_line' id='line_1_19' title="bbox 144 2647 1335 2728; baseline 0.002 -21"><span class='ocrx_word' id='word_1_161' title='bbox 144 2657 238 2726; x_wconf 92' lang='lat' dir='ltr'><strong>ptura</strong></span> <span class='ocrx_word' id='word_1_162' title='bbox 269 2647 471 2728; x_wconf 87' lang='lat' dir='ltr'><strong>significaret.</strong></span> <span class='ocrx_word' id='word_1_163' title='bbox 519 2663 592 2707; x_wconf 91' lang='lat' dir='ltr'><strong>nam</strong></span> <span class='ocrx_word' id='word_1_164' title='bbox 616 2665 808 2726; x_wconf 90' lang='lat' dir='ltr'><strong>quamquam</strong></span> <span class='ocrx_word' id='word_1_165' title='bbox 831 2647 864 2707; x_wconf 92' lang='lat' dir='ltr'><strong>in</strong></span> <span class='ocrx_word' id='word_1_166' title='bbox 887 2647 1072 2708; x_wconf 89' lang='lat' dir='ltr'><strong>universum</strong></span> <span class='ocrx_word' id='word_1_167' title='bbox 1096 2666 1188 2708; x_wconf 88' lang='lat' dir='ltr'><strong>nemo</strong></span> <span class='ocrx_word' id='word_1_168' title='bbox 1211 2648 1335 2727; x_wconf 82' lang='lat' dir='ltr'><strong>ignorat</strong></span> 
     </span>
     <span class='ocr_line' id='line_1_20' title="bbox 144 2761 1333 2846; baseline 0 -18"><span class='ocrx_word' id='word_1_169' title='bbox 144 2761 171 2828; x_wconf 90' lang='grc' dir='ltr'>Ε</span> <span class='ocrx_word' id='word_1_170' title='bbox 201 2775 233 2828; x_wconf 88' lang='lat' dir='ltr'><strong>et</strong></span> <span class='ocrx_word' id='word_1_171' title='bbox 255 2761 300 2843; x_wconf 86' lang='lat'><strong>0,</strong></span> <span class='ocrx_word' id='word_1_172' title='bbox 331 2766 388 2827; x_wconf 93' lang='lat' dir='ltr'><strong>uhi</strong></span> <span class='ocrx_word' id='word_1_173' title='bbox 418 2767 543 2846; x_wconf 90' lang='lat' dir='ltr'><strong>longam</strong></span> <span class='ocrx_word' id='word_1_174' title='bbox 570 2766 710 2827; x_wconf 85' lang='lat' dir='ltr'><strong>vocalem</strong></span> <span class='ocrx_word' id='word_1_175' title='bbox 740 2765 935 2845; x_wconf 86' lang='lat' dir='ltr'><strong>significent,</strong></span> <span class='ocrx_word' id='word_1_176' title='bbox 969 2768 1001 2826; x_wconf 95' lang='lat' dir='ltr'><strong>in</strong></span> <span class='ocrx_word' id='word_1_177' title='bbox 1030 2768 1188 2828; x_wconf 90' lang='lat' dir='ltr'><strong>severiore</strong></span> <span class='ocrx_word' id='word_1_178' title='bbox 1218 2766 1333 2828; x_wconf 91' lang='lat' dir='ltr'><strong>Doride</strong></span> 
     </span>
     <span class='ocr_line' id='line_1_21' title="bbox 110 2885 1378 2979; baseline 0.002 -33"><span class='ocrx_word' id='word_1_179' title='bbox 110 2922 112 2927; x_wconf 92' lang='lat'><em>-</em></span> <span class='ocrx_word' id='word_1_180' title='bbox 147 2904 277 2967; x_wconf 89' lang='lat' dir='ltr'><strong>semper</strong></span> <span class='ocrx_word' id='word_1_181' title='bbox 298 2908 317 2968; x_wconf 82' lang='grc' dir='ltr'>η</span> <span class='ocrx_word' id='word_1_182' title='bbox 342 2894 373 2948; x_wconf 86' lang='lat' dir='ltr'><strong>et</strong></span> <span class='ocrx_word' id='word_1_183' title='bbox 395 2908 438 2961; x_wconf 85' lang='grc' dir='ltr'><strong>ω,</strong></span> <span class='ocrx_word' id='word_1_184' title='bbox 472 2887 505 2946; x_wconf 89' lang='lat' dir='ltr'><strong>in</strong></span> <span class='ocrx_word' id='word_1_185' title='bbox 535 2886 650 2946; x_wconf 88' lang='lat' dir='ltr'><strong>ceteris</strong></span> <span class='ocrx_word' id='word_1_186' title='bbox 680 2885 823 2946; x_wconf 88' lang='lat' dir='ltr'><strong>dialectis</strong></span> <span class='ocrx_word' id='word_1_187' title='bbox 851 2885 929 2946; x_wconf 93' lang='lat' dir='ltr'><strong>alias</strong></span> <span class='ocrx_word' id='word_1_188' title='bbox 951 2908 970 2966; x_wconf 82' lang='grc' dir='ltr'>η</span> <span class='ocrx_word' id='word_1_189' title='bbox 995 2894 1026 2946; x_wconf 88' lang='lat' dir='ltr'><strong>et</strong></span> <span class='ocrx_word' id='word_1_190' title='bbox 1048 2907 1073 2945; x_wconf 85' lang='grc' dir='ltr'>ω</span> <span class='ocrx_word' id='word_1_191' title='bbox 1096 2885 1173 2947; x_wconf 91' lang='lat' dir='ltr'><strong>alias</strong></span> <span class='ocrx_word' id='word_1_192' title='bbox 1195 2908 1223 2948; x_wconf 81' lang='grc' dir='ltr'><strong>ει</strong></span> <span class='ocrx_word' id='word_1_193' title='bbox 1245 2896 1276 2948; x_wconf 89' lang='lat' dir='ltr'><strong>et</strong></span> <span class='ocrx_word' id='word_1_194' title='bbox 1299 2909 1335 2948; x_wconf 87' lang='lat' dir='ltr'><strong>ou</strong></span> <span class='ocrx_word' id='word_1_195' title='bbox 1372 2963 1378 2979; x_wconf 30' lang='grc' dir='ltr'>ι</span> 
     </span>
     <span class='ocr_line' id='line_1_22' title="bbox 145 3004 1335 3085; baseline 0.003 -20"><span class='ocrx_word' id='word_1_196' title='bbox 145 3005 376 3085; x_wconf 88' lang='lat' dir='ltr'><strong>intellegendas</strong></span> <span class='ocrx_word' id='word_1_197' title='bbox 399 3023 486 3083; x_wconf 89' lang='lat' dir='ltr'><strong>esse,</strong></span> <span class='ocrx_word' id='word_1_198' title='bbox 519 3014 624 3066; x_wconf 91' lang='lat' dir='ltr'><strong>tamen</strong></span> <span class='ocrx_word' id='word_1_199' title='bbox 647 3004 797 3067; x_wconf 93' lang='lat' dir='ltr'><strong>nonnulla</strong></span> <span class='ocrx_word' id='word_1_200' title='bbox 821 3013 942 3066; x_wconf 90' lang='lat' dir='ltr'><strong>restant</strong></span> <span class='ocrx_word' id='word_1_201' title='bbox 965 3005 1126 3085; x_wconf 82' lang='lat' dir='ltr'><strong>exempla,</strong></span> <span class='ocrx_word' id='word_1_202' title='bbox 1161 3005 1335 3085; x_wconf 91' lang='lat' dir='ltr'><strong>inquibus</strong></span> 
     </span>
     <span class='ocr_line' id='line_1_23' title="bbox 144 3122 1332 3204; baseline 0 -18"><span class='ocrx_word' id='word_1_203' title='bbox 144 3135 200 3186; x_wconf 92' lang='lat' dir='ltr'><strong>aut</strong></span> <span class='ocrx_word' id='word_1_204' title='bbox 228 3123 368 3186; x_wconf 92' lang='lat' dir='ltr'><strong>dubitari</strong></span> <span class='ocrx_word' id='word_1_205' title='bbox 391 3125 507 3204; x_wconf 86' lang='lat' dir='ltr'><strong>possit,</strong></span> <span class='ocrx_word' id='word_1_206' title='bbox 538 3133 646 3186; x_wconf 87' lang='lat' dir='ltr'><strong>utrum</strong></span> <span class='ocrx_word' id='word_1_207' title='bbox 668 3125 785 3186; x_wconf 89' lang='lat' dir='ltr'><strong>vocalis</strong></span> <span class='ocrx_word' id='word_1_208' title='bbox 808 3125 899 3204; x_wconf 87' lang='lat' dir='ltr'><strong>longa</strong></span> <span class='ocrx_word' id='word_1_209' title='bbox 921 3142 962 3185; x_wconf 88' lang='lat' dir='ltr'><strong>au</strong></span> <span class='ocrx_word' id='word_1_210' title='bbox 984 3122 1094 3184; x_wconf 90' lang='lat' dir='ltr'><strong>brevis</strong></span> <span class='ocrx_word' id='word_1_211' title='bbox 1116 3123 1256 3203; x_wconf 93' lang='lat' dir='ltr'><strong>putanda</strong></span> <span class='ocrx_word' id='word_1_212' title='bbox 1279 3127 1332 3204; x_wconf 92' lang='lat' dir='ltr'><strong>sit,</strong></span> 
     </span>
     <span class='ocr_line' id='line_1_24' title="bbox 145 3241 1335 3324; baseline 0.002 -20"><span class='ocrx_word' id='word_1_213' title='bbox 145 3253 210 3322; x_wconf 91' lang='lat' dir='ltr'><strong>aut,</strong></span> <span class='ocrx_word' id='word_1_214' title='bbox 236 3254 344 3306; x_wconf 90' lang='lat' dir='ltr'><strong>utrum</strong></span> <span class='ocrx_word' id='word_1_215' title='bbox 368 3263 455 3305; x_wconf 92' lang='lat' dir='ltr'><strong>mera</strong></span> <span class='ocrx_word' id='word_1_216' title='bbox 478 3244 594 3304; x_wconf 91' lang='lat' dir='ltr'><strong>vocalis</strong></span> <span class='ocrx_word' id='word_1_217' title='bbox 616 3243 707 3324; x_wconf 82' lang='lat' dir='ltr'><strong>longa</strong></span> <span class='ocrx_word' id='word_1_218' title='bbox 729 3262 770 3305; x_wconf 91' lang='lat' dir='ltr'><strong>an</strong></span> <span class='ocrx_word' id='word_1_219' title='bbox 794 3243 1007 3324; x_wconf 81' lang='lat' dir='ltr'><strong>diphthongus</strong></span> <span class='ocrx_word' id='word_1_220' title='bbox 1030 3241 1220 3305; x_wconf 88' lang='lat' dir='ltr'><strong>adulterina.</strong></span> <span class='ocrx_word' id='word_1_221' title='bbox 1259 3245 1335 3306; x_wconf 90' lang='lat' dir='ltr'><strong>talia</strong></span> 
     </span>
     <span class='ocr_line' id='line_1_25' title="bbox 144 3361 1335 3444; baseline 0.002 -20"><span class='ocrx_word' id='word_1_222' title='bbox 144 3365 260 3444; x_wconf 87' lang='lat' dir='ltr'><strong>igitur,</strong></span> <span class='ocrx_word' id='word_1_223' title='bbox 292 3373 447 3442; x_wconf 92' lang='lat' dir='ltr'><strong>quantum</strong></span> <span class='ocrx_word' id='word_1_224' title='bbox 476 3381 607 3425; x_wconf 87' lang='lat' dir='ltr'><strong>necesse</strong></span> <span class='ocrx_word' id='word_1_225' title='bbox 637 3361 713 3441; x_wconf 88' lang='lat' dir='ltr'><strong>luit,</strong></span> <span class='ocrx_word' id='word_1_226' title='bbox 754 3364 786 3424; x_wconf 91' lang='lat' dir='ltr'><strong>in</strong></span> <span class='ocrx_word' id='word_1_227' title='bbox 818 3362 1074 3424; x_wconf 91' lang='lat' dir='ltr'><strong>adnotationibus</strong></span> <span class='ocrx_word' id='word_1_228' title='bbox 1103 3361 1248 3428; x_wconf 89' lang='lat' dir='ltr'><strong>breviter</strong></span> <span class='ocrx_word' id='word_1_229' title='bbox 1276 3382 1335 3426; x_wconf 85' lang='lat' dir='ltr'><strong>ex-</strong></span> 
     </span>
     <span class='ocr_line' id='line_1_26' title="bbox 145 3483 271 3563; baseline 0.008 -21"><span class='ocrx_word' id='word_1_230' title='bbox 145 3483 271 3563; x_wconf 84' lang='lat' dir='ltr'><strong>plicavi.</strong></span> 
     </span>
    </p>

    <p class='ocr_par' dir='ltr' id='par_1_7' title="bbox 145 3599 1337 4401">
     <span class='ocr_line' id='line_1_27' title="bbox 233 3599 1337 3683; baseline 0.002 -21"><span class='ocrx_word' id='word_1_231' title='bbox 233 3603 420 3663; x_wconf 85' lang='lat' dir='ltr'><strong>recentioris</strong></span> <span class='ocrx_word' id='word_1_232' title='bbox 442 3602 625 3675; x_wconf 85' lang='lat' dir='ltr'><strong>literaturae</strong></span> <span class='ocrx_word' id='word_1_233' title='bbox 647 3603 730 3663; x_wconf 92' lang='lat' dir='ltr'><strong>tituli</strong></span> <span class='ocrx_word' id='word_1_234' title='bbox 754 3602 856 3664; x_wconf 93' lang='lat' dir='ltr'><strong>nullas</strong></span> <span class='ocrx_word' id='word_1_235' title='bbox 878 3602 999 3663; x_wconf 90' lang='lat' dir='ltr'><strong>similes</strong></span> <span class='ocrx_word' id='word_1_236' title='bbox 1021 3599 1226 3664; x_wconf 88' lang='lat' dir='ltr'><strong>difficultates</strong></span> <span class='ocrx_word' id='word_1_237' title='bbox 1241 3621 1337 3683; x_wconf 92' lang='lat' dir='ltr'><strong>prae-</strong></span> 
     </span>
     <span class='ocr_line' id='line_1_28' title="bbox 145 3720 1331 3802; baseline 0.003 -21"><span class='ocrx_word' id='word_1_238' title='bbox 145 3721 235 3783; x_wconf 87' lang='lat' dir='ltr'><strong>hent.</strong></span> <span class='ocrx_word' id='word_1_239' title='bbox 281 3740 364 3782; x_wconf 90' lang='lat' dir='ltr'><strong>nam·</strong></span> <span class='ocrx_word' id='word_1_240' title='bbox 383 3720 423 3782; x_wconf 91' lang='lat' dir='ltr'><strong>de</strong></span> <span class='ocrx_word' id='word_1_241' title='bbox 450 3723 567 3802; x_wconf 80' lang='lat' dir='ltr'><strong>&#39;spiritu</strong></span> <span class='ocrx_word' id='word_1_242' title='bbox 596 3740 708 3801; x_wconf 91' lang='lat' dir='ltr'><strong>aspero</strong></span> <span class='ocrx_word' id='word_1_243' title='bbox 737 3739 800 3781; x_wconf 91' lang='lat' dir='ltr'><strong>non</strong></span> <span class='ocrx_word' id='word_1_244' title='bbox 830 3739 910 3800; x_wconf 90' lang='lat' dir='ltr'><strong>opus</strong></span> <span class='ocrx_word' id='word_1_245' title='bbox 938 3730 985 3782; x_wconf 91' lang='lat' dir='ltr'><strong>est</strong></span> <span class='ocrx_word' id='word_1_246' title='bbox 1013 3739 1063 3782; x_wconf 90' lang='lat' dir='ltr'><strong>me</strong></span> <span class='ocrx_word' id='word_1_247' title='bbox 1093 3721 1194 3782; x_wconf 90' lang='lat' dir='ltr'><strong>verba</strong></span> <span class='ocrx_word' id='word_1_248' title='bbox 1215 3721 1331 3795; x_wconf 87' lang='lat' dir='ltr'><strong>facere,</strong></span> 
     </span>
     <span class='ocr_line' id='line_1_29' title="bbox 146 3840 1335 3922; baseline 0 -20"><span class='ocrx_word' id='word_1_249' title='bbox 146 3859 242 3921; x_wconf 87' lang='lat' dir='ltr'><strong>quem</strong></span> <span class='ocrx_word' id='word_1_250' title='bbox 273 3842 333 3902; x_wconf 94' lang='lat' dir='ltr'><strong>etsi</strong></span> <span class='ocrx_word' id='word_1_251' title='bbox 361 3841 394 3901; x_wconf 92' lang='lat' dir='ltr'><strong>in</strong></span> <span class='ocrx_word' id='word_1_252' title='bbox 425 3840 585 3921; x_wconf 91' lang='lat' dir='ltr'><strong>lapidibus</strong></span> <span class='ocrx_word' id='word_1_253' title='bbox 615 3858 743 3921; x_wconf 88' lang='lat' dir='ltr'><strong>semper</strong></span> <span class='ocrx_word' id='word_1_254' title='bbox 771 3841 922 3901; x_wconf 90' lang='lat' dir='ltr'><strong>omissum</strong></span> <span class='ocrx_word' id='word_1_255' title='bbox 951 3850 1055 3902; x_wconf 90' lang='lat' dir='ltr'><strong>tamen</strong></span> <span class='ocrx_word' id='word_1_256' title='bbox 1085 3841 1118 3901; x_wconf 92' lang='lat' dir='ltr'><strong>in</strong></span> <span class='ocrx_word' id='word_1_257' title='bbox 1144 3841 1335 3922; x_wconf 91' lang='lat' dir='ltr'><strong>apographis</strong></span> 
     </span>
     <span class='ocr_line' id='line_1_30' title="bbox 145 3957 1334 4040; baseline 0.001 -19"><span class='ocrx_word' id='word_1_258' title='bbox 145 3958 349 4021; x_wconf 87' lang='lat' dir='ltr'><strong>scribendum</strong></span> <span class='ocrx_word' id='word_1_259' title='bbox 379 3958 477 4022; x_wconf 85' lang='lat' dir='ltr'><strong>luisse</strong></span> <span class='ocrx_word' id='word_1_260' title='bbox 508 3969 754 4023; x_wconf 88' lang='lat' dir='ltr'><strong>consentaneum</strong></span> <span class='ocrx_word' id='word_1_261' title='bbox 786 3969 846 4020; x_wconf 89' lang='lat' dir='ltr'><strong>est.</strong></span> <span class='ocrx_word' id='word_1_262' title='bbox 893 3969 925 4020; x_wconf 91' lang='lat' dir='ltr'><strong>et</strong></span> <span class='ocrx_word' id='word_1_263' title='bbox 954 3958 1039 4040; x_wconf 87' lang='lat' dir='ltr'><strong>quod</strong></span> <span class='ocrx_word' id='word_1_264' title='bbox 1066 3957 1179 4021; x_wconf 83' lang='lat' dir='ltr'><strong>heoles</strong></span> <span class='ocrx_word' id='word_1_265' title='bbox 1201 3959 1334 4022; x_wconf 85' lang='lat' dir='ltr'><strong>Asianos</strong></span> 
     </span>
     <span class='ocr_line' id='line_1_31' title="bbox 145 4076 1335 4160; baseline 0.003 -20"><span class='ocrx_word' id='word_1_266' title='bbox 145 4080 298 4160; x_wconf 91' lang='lat' dir='ltr'><strong>psiloseos</strong></span> <span class='ocrx_word' id='word_1_267' title='bbox 320 4079 452 4160; x_wconf 88' lang='lat' dir='ltr'><strong>cupidos</strong></span> <span class='ocrx_word' id='word_1_268' title='bbox 474 4080 572 4142; x_wconf 89' lang='lat' dir='ltr'><strong>luisse</strong></span> <span class='ocrx_word' id='word_1_269' title='bbox 595 4079 743 4155; x_wconf 90' lang='lat' dir='ltr'><strong>traditur,</strong></span> <span class='ocrx_word' id='word_1_270' title='bbox 770 4080 802 4140; x_wconf 93' lang='lat' dir='ltr'><strong>in</strong></span> <span class='ocrx_word' id='word_1_271' title='bbox 826 4098 862 4141; x_wconf 89' lang='lat' dir='ltr'><strong>eo</strong></span> <span class='ocrx_word' id='word_1_272' title='bbox 884 4076 1033 4140; x_wconf 83' lang='lat' dir='ltr'><strong>hhrensii</strong></span> <span class='ocrx_word' id='word_1_273' title='bbox 1057 4080 1220 4159; x_wconf 83' lang='lat' dir='ltr'><strong>exemplar</strong></span> <span class='ocrx_word' id='word_1_274' title='bbox 1241 4099 1335 4143; x_wconf 90' lang='lat' dir='ltr'><strong>secu-</strong></span> 
     </span>
     <span class='ocr_line' id='line_1_32' title="bbox 146 4197 1335 4279; baseline 0.002 -20"><span class='ocrx_word' id='word_1_275' title='bbox 146 4208 199 4260; x_wconf 92' lang='lat' dir='ltr'><strong>tus</strong></span> <span class='ocrx_word' id='word_1_276' title='bbox 221 4217 301 4277; x_wconf 91' lang='lat' dir='ltr'><strong>sum,</strong></span> <span class='ocrx_word' id='word_1_277' title='bbox 329 4199 385 4278; x_wconf 89' lang='lat' dir='ltr'><strong>qui</strong></span> <span class='ocrx_word' id='word_1_278' title='bbox 408 4201 440 4259; x_wconf 88' lang='lat' dir='ltr'><strong>in</strong></span> <span class='ocrx_word' id='word_1_279' title='bbox 464 4200 565 4262; x_wconf 91' lang='lat' dir='ltr'><strong>titulis</strong></span> <span class='ocrx_word' id='word_1_280' title='bbox 580 4197 715 4260; x_wconf 81' lang='lat' dir='ltr'><strong>Aeolicis</strong></span> <span class='ocrx_word' id='word_1_281' title='bbox 737 4219 773 4260; x_wconf 92' lang='lat' dir='ltr'><strong>ea</strong></span> <span class='ocrx_word' id='word_1_282' title='bbox 787 4208 909 4260; x_wconf 90' lang='lat' dir='ltr'><strong>tantum</strong></span> <span class='ocrx_word' id='word_1_283' title='bbox 924 4197 1077 4260; x_wconf 90' lang='lat' dir='ltr'><strong>vocabula</strong></span> <span class='ocrx_word' id='word_1_284' title='bbox 1092 4200 1208 4278; x_wconf 92' lang='lat' dir='ltr'><strong>spiritu</strong></span> <span class='ocrx_word' id='word_1_285' title='bbox 1223 4217 1335 4279; x_wconf 90' lang='lat' dir='ltr'><strong>aspero</strong></span> 
     </span>
     <span class='ocr_line' id='line_1_33' title="bbox 148 4313 1336 4401; baseline 0.002 -23"><span class='ocrx_word' id='word_1_286' title='bbox 148 4317 304 4399; x_wconf 92' lang='lat' dir='ltr'><strong>privanda</strong></span> <span class='ocrx_word' id='word_1_287' title='bbox 327 4337 396 4379; x_wconf 88' lang='lat' dir='ltr'><strong>esse</strong></span> <span class='ocrx_word' id='word_1_288' title='bbox 420 4318 584 4397; x_wconf 90' lang='lat' dir='ltr'><strong>iudicavit,</strong></span> <span class='ocrx_word' id='word_1_289' title='bbox 610 4337 690 4398; x_wconf 90' lang='lat' dir='ltr'><strong>quae</strong></span> <span class='ocrx_word' id='word_1_290' title='bbox 713 4328 749 4380; x_wconf 92' lang='lat' dir='ltr'><strong>ut</strong></span> <span class='ocrx_word' id='word_1_291' title='bbox 772 4313 887 4401; x_wconf 79' lang='grc' dir='ltr'>ψιλωτὰ</span> <span class='ocrx_word' id='word_1_292' title='bbox 909 4317 995 4399; x_wconf 92' lang='lat' dir='ltr'><strong>apud</strong></span> <span class='ocrx_word' id='word_1_293' title='bbox 1010 4316 1123 4380; x_wconf 84' lang='lat' dir='ltr'><strong>Aeoles</strong></span> <span class='ocrx_word' id='word_1_294' title='bbox 1139 4337 1157 4380; x_wconf 95' lang='lat' dir='ltr'><strong>a</strong></span> <span class='ocrx_word' id='word_1_295' title='bbox 1172 4319 1336 4382; x_wconf 91' lang='lat' dir='ltr'><strong>veteribus</strong></span> 
     </span>
    </p>
   </div>
   <div class='ocr_carea' id='block_1_7' title="bbox 0 0 1629 5198">
    <p class='ocr_par' dir='ltr' id='par_1_8' title="bbox 0 0 1629 5198">
     <span class='ocr_line' id='line_1_34' title="bbox 0 0 1629 5198; baseline 0 0"><span class='ocrx_word' id='word_1_296' title='bbox 0 0 1629 5198; x_wconf 95' lang='lat' dir='ltr'><strong> </strong></span> 
     </span>
    </p>
   </div>
  </div>
 </body>
</html>
